2102 3177
42 774 66 792 10

42 1033 64 1051 15

40 2075 65 2094 ³5

39 2393 65 2412 40

40 2701 66 2721 45

597 214 691 239 ΑΓἸἈ
713 214 949 240 PONTIFICUI.
990 216 1062 241 1301.
1101 216 1146 242 Ni:
1165 218 1236 242 1159.
1667 223 1744 249 ΗΜ)

88 299 254 330 rebellium
279 311 353 330 suos
384 299 510 330 illicitos
542 307 673 331 conatus
702 302 895 333 extendunt.
927 310 962 332 ut
990 314 1050 333 non
1082 303 1231 344 cuiquam
1260 315 1315 334 sua
1345 313 1489 334 servetur
1519 306 1651 336 iustitia.
1683 317 1743 336 non

88 352 236 392 cuiquam
265 356 365 382 status
397 362 471 381 suus
503 351 619 382 debitis
650 354 771 383 meritis
795 363 1010 385 conservetur.
1057 355 1199 386 Proinde
1224 366 1294 386 cum
1320 356 1471 386 fratribus
1496 359 1610 388 nostris
1634 358 1740 388 habita

88 403 320 434 deliberatione
345 410 481 434 matura.
506 404 713 434 attendentes
737 405 823 445 qnod
848 405 889 436 ad
914 416 1045 446 presens
1062 406 1242 438 Romanum
1269 413 1362 438 vacat
1385 409 1566 448 imperium,
1591 410 1679 440 cuius
1703 410 1743 440 ad

86 465 143 485 nos
167 455 337 495 presertim
362 454 421 484 hoo
446 462 592 495 tempore
618 456 752 496 pacifica
776 458 976 487 conservatio
995 457 1169 489 dinoscitur
1186 459 1358 499 pertinere.
1384 463 1426 498 te7
1453 461 1505 500 qui
1531 460 1570 491 do
1598 461 1741 501 preclara

86 507 187 548 regali
221 506 315 537 domo
348 506 484 537 Francie
518 507 673 547 originem
711 508 845 538 traxisse
882 508 1056 539 dinosceris
1092 514 1123 539 et
1154 510 1194 540 ‹le
1224 511 1312 540 cuius
1342 511 1546 543 strenuitate.
1583 523 1742 542 armorum

87 558 287 599 experientia
313 562 345 588 et
369 558 512 589 bonitate
538 559 739 589 confidimus.
765 564 1025 590 conservatorem
1051 562 1138 601 pacis
1164 563 1194 592 in
1219 572 1254 591 ea
1282 570 1372 602 parte
1398 563 1496 603 ipsius
1523 562 1651 594 Tuscie.
1681 575 1743 605 que

85 609 230 651 predicto
256 610 390 651 imperio
415 610 561 641 subiacet
585 622 666 641 nuuc
691 611 826 649 vacanti=
853 611 892 642 de
918 613 1058 652 ipsorum
1085 613 1218 644 fratrum
1243 614 1374 644 consilio
1400 615 1592 645 auctoritate
1610 626 1742 656 presen-

85 663 163 693 tium
182 662 384 703 deputamus⁷
409 667 443 692 ut
467 663 496 692 in
519 673 554 693 ea
575 667 701 694 cessent
718 663 879 693 vi‹1›lentie.
905 672 1030 694 cessent
1047 675 1172 705 guerre.
1199 670 1324 696 cessent
1341 667 1566 707 aggressiones
1583 668 1742 701 itinerum.

87 714 295 755 spoliationes
318 714 524 745 ecclesiarum
551 718 582 745 et
606 725 795 755 pauperum„
821 724 853 745 et
878 715 1013 756 quilibet
1038 727 1093 746 suo
1119 717 1186 747 iure
1204 724 1372 748 contentus
1395 719 1442 748 ius
1467 719 1525 749 sibi
1551 718 1658 749 dicere
1683 731 1743 750 non

86 775 264 808 presumat.
301 766 357 797 sed
392 767 416 796 si
448 777 543 807 quam
575 766 634 796 sibi
673 767 740 797 fieri
777 772 869 807 putat
905 768 1068 799 iniuriam.
1106 779 1176 798 eam
1210 769 1267 798 sub
1299 770 1495 810 competenti
1529 770 1634 801 iudice
1669 782 1742 812 pro-

84 822 245 860 sequatur.
336 819 380 857 (3)
416 819 601 848 Statuentes
625 822 659 848 ut
684 829 741 858 per
766 825 796 849 te
823 827 878 849 aut
898 819 996 849 alium
1014 820 1063 849 vel
1082 820 1171 850 alios.
1198 831 1291 861 quem
1311 821 1360 852 vel
1378 832 1458 862 quos
1475 822 1517 852 ad
1534 822 1593 852 hec
1612 822 1743 854 (luxeris

86 869 301 911 deputandos‚
335 869 517 900 turbatores
547 870 635 910 pacis
663 880 699 900 ac
729 880 881 910 personas
913 870 997 901 dicte
1028 872 1189 912 provincie
1219 873 1356 903 cuiusvis
1384 874 1537 904 secularis
1568 875 1740 906 eminentie

85 923 151 953 sive
176 925 290 953 status.
320 921 360 952 de
392 921 505 962 quibus
535 921 690 963 expedire
715 921 847 962 videris,
880 922 921 952 ad
950 923 1118 954 iurandam
1149 933 1180 954 et
1204 924 1342 955 fideliter
1367 925 1601 957 observandam
1627 938 1740 967 paceni

85 976 116 1004 in
145 973 229 1004 dieta
266 974 426 1014 provincia
465 979 497 1004 et
527 974 567 1004 ad
600 975 727 1014 penitus
757 974 953 1004 abiut-ambis
988 976 1146 1006 inimicos.
1185 976 1322 1006 rebelles
1354 986 1386 1007 et
1416 977 1525 1008 hostes¹
1554 987 1679 1008 nostros
1712 987 1742 1009 et

86 1027 222 1057 ecclesie
239 1030 416 1057 memorate
442 1027 471 1056 in
495 1027 564 1066 ipsa
589 1036 796 1067 compescere
821 1038 857 1056 ac·
882 1037 939 1067 pro
966 1032 1168 1068 contemptus
1194 1032 1225 1057 et
1249 1028 1433 1059 rebellionis
1452 1030 1607 1070 qualitate
1628 1032 1740 1071 punire

82 1078 184 1109 libere
208 1079 311 1119 possis
335 1078 462 1119 aliaque
487 1078 605 1108 facere.
632 1089 693 1118 que
717 1078 759 1108 ad
783 1078 937 1109 honorem
964 1079 1024 1109 Dei
1056 1088 1087 1109 et
1116 1079 1200 1110 sedis
1226 1080 1369 1110 eiusdem
1395 1091 1431 1110 ac
1458 1081 1639 1113 huiusmodi
1665 1095 1740 1113 con-

83 1129 306 1161 solidationem
339 1131 459 1171 negotii
492 1141 615 1160 necnon
650 1130 823 1161 utilitatem
855 1130 997 1161 fidelium
1029 1136 1061 1161 et
1094 1131 1284 1162 devotorum
1315 1137 1493 1163 memorate
1527 1134 1613 1164 sedis
1647 1142 1678 1165 ct
1710 1144 1743 1165 ut

84 1183 171 1212 elisis
194 1183 332 1213 hostium
358 1182 476 1212 viribus
506 1191 537 1212 et
564 1193 674 1214 eorum
703 1182 995 1213 machinationibus
1025 1183 1238 1214 fraudulentis
1266 1188 1366 1214 status
1392 1185 1567 1216 Tuscorum
1600 1186 1742 1217 fidelium

82 1234 223 1275 undique
247 1234 432 1265 roboretur.
457 1234 574 1264 videris
599 1234 770 1275 expedire.¹
800 1235 949 1265 invocare
979 1245 1107 1276 quoque.
1140 1235 1181 1265 ad
1212 1235 1272 1265 hoc
1302 1237 1327 1266 si
1358 1247 1436 1277 opus
1466 1237 1563 1268 fuerit
1586 1238 1741 1269 auxilium

82 1286 205 1317 brachii
230 1286 382 1317 secularis
411 1297 684 1327 quorumcumque
710 1286 879 1317 nobilium.
913 1288 1122 1317 comitatuum
1153 1292 1185 1318 et
1214 1289 1454 1318 universitatum
1486 1300 1522 1319 a(-
1548 1291 1740 1320 secularium

83 1349 291 1378 personarum
316 1339 477 1379 provincie
501 1342 679 1369 memorate
705 1349 741 1368 a‹·
769 1339 938 1379 temporali
968 1338 1166 1369 districtione
1196 1350 1345 1370 coercere
1371 1341 1622 1371 contradictores
1645 1353 1741 1382 quos-

82 1389 162 1422 libet
186 1395 218 1421 et
240 1390 388 1421 rebelles.
436 1390 606 1421 Neminem
631 1398 739 1421 autem
766 1402 806 1421 ex
830 1391 890 1421 hiis
915 1402 931 1420 a
958 1392 1022 1421 suis
1047 1391 1204 1421 iudicibus
1223 1391 1391 1422 ordinariis
1409 1398 1541 1434 propter
1565 1393 1623 1424 hoc
1643 1395 1741 1424 eximi

81 1442 243 1475 volumus.
275 1443 444 1482 quominus
468 1442 509 1473 ab
535 1443 580 1473 eis
606 1443 710 1483 puniri
734 1443 876 1474 valeant.
909 1444 932 1472 si
963 1443 1096 1473 forsitan
1121 1444 1240 1474 crimen
1265 1443 1352 1474 aliud
1377 1455 1446 1475 euni
1474 1446 1561 1485 pacis
1585 1446 1740 1476 fractione

84 1495 290 1531 concurrerit,
315 1494 400 1535 quod
426 1494 548 1525 eisdem
573 1495 731 1525 iudicibus
755 1494 951 1536 puniendum
969 1495 1133 1525 mediante
1151 1496 1271 1526 iustitia
1289 1496 1445 1526 videatur.
1536 1498 1581 1536 (4)
1614 1497 1741 1528 Dictum

40 1558 52 1576 2
83 1550 191 1577 autem
215 1547 347 1588 paciarii
371 1557 427 1577 seu
452 1547 540 1587 pacis
564 1548 736 1577 servatoris
761 1546 901 1577 officium
927 1550 957 1577 et
983 1548 1087 1577 omnia
1114 1547 1298 1588 supradicta.
1323 1559 1393 1578 cum
1420 1548 1581 1580 omnibns.
1615 1560 1675 1590 que
1701 1550 1742 1580 ad

81 1598 175 1629 huius
199 1598 422 1629 solidationem
448 1599 569 1639 negotii
595 1599 816 1640 pertinebunt.
849 1610 910 1639 que
936 1599 990 1629 tibi
1017 1600 1246 1630 committimus
1271 1610 1329 1640 per
1353 1606 1384 1630 te
1410 1601 1458 1630 vel
1485 1610 1542 1641 per
1566 1601 1662 1631 alium
1688 1610 1741 1631 aut

83 1651 179 1690 31105ἲ
209 1661 287 1692 quos
316 1650 357 1681 ad
380 1651 441 1681 hoc
467 1651 687 1692 deputaveris
720 1651 917 1682 exercenda.
951 1663 989 1681 ea
1019 1651 1077 1681 tibi
1108 1651 1181 1691 lege
1211 1651 1431 1682 concedimus.
1466 1653 1549 1693 quod
1581 1654 1605 1683 si
1636 1653 1741 1683 forsan

82 1703 312 1744 imperatorem
339 1703 386 1732 vel
417 1712 527 1743 regem
551 1702 769 1733 Romanorum
795 1713 813 1733 a
837 1702 914 1732 sede
946 1702 1123 1743 apostolica
1155 1703 1371 1743 approbatum
1402 1715 1536 1744 regnare
1569 1706 1738 1746 contigerit

83 1758 138 1785 aut
161 1765 220 1795 per
243 1755 355 1785 sedem
380 1754 516 1785 eandem
542 1755 720 1795 predictum
745 1754 802 1785 tibi
827 1754 967 1785 officinm
993 1754 1154 1785 interdici.
1188 1762 1220 1785 tu
1253 1759 1370 1786 extunc·
1402 1756 1518 1786 eodem
1548 1757 1653 1786 officio
1679 1768 1739 1786 non

83 1807 182 1837 utaris
213 1806 351 1847 amplius
383 1806 466 1836 ultra
500 1817 654 1837 mensem.
717 1807 784 1837 Nos
817 1807 901 1837 enim
937 1817 1106 1848 processus
1138 1816 1169 1837 et
1200 1809 1375 1838 sententias
1409 1808 1474 1838 sive
1510 1819 1626 1849 penas.
1662 1820 1741 1849 quos

83 1858 306 1899 temporaliter
337 1868 396 1899 per
426 1863 457 1888 te
486 1859 536 1889 vel
569 1870 625 1899 per
656 1859 836 1889 huiusmodi
869 1870 885 1889 a
919 1863 948 1889 te
981 1859 1183 1900 deputandos
1214 1859 1253 1889 ad
1288 1860 1478 1900 exequenda
1510 1861 1665 1900 premissa
1690 1861 1738 1890 vel

84 1920 193 1941 eorum
218 1910 326 1951 aliqua
350 1910 410 1940 rite
434 1911 503 1941 ficri
527 1911 577 1941 vel
602 1910 738 1951 proferri
763 1914 860 1952 atque
889 1911 986 1941 statui
1015 1912 1184 1952 contigerit
1208 1912 1240 1941 in
1265 1911 1413 1943 rebelles.
1440 1919 1525 1942 ratos
1550 1912 1740 1942 habebimus

83 1970 116 1992 et
147 1963 302 1993 faciemus
331 1966 440 1993 actore
471 1962 609 1993 Domino
642 1973 741 2004 usque
773 1963 813 1993 ad
847 1962 1099 1993 satisfactionem
1134 1962 1325 2003 condignam
1362 1963 1581 2004 appellatione
1617 1969 1737 1994 remota

83 2013 311 2045 inviolabiliter
335 2014 508 2045 observari.
555 2014 627 2045 Non
652 2014 853 2045 obstantibus
877 2014 1038 2056 aliquibus
1055 2015 1231 2056 privilegiis
1255 2016 1306 2046 vel
1331 2015 1537 2056 indulgentiis
1554 2021 1609 2046 aut
1626 2016 1740 2046 litteris

85 2066 269 2106 apostolicis
299 2066 554 2107 quibuscumque
585 2067 745 2108 personis.
780 2067 983 2098 comitatibus
1017 2074 1049 2097 et
1078 2067 1338 2097 universitatibus
1363 2068 1411 2097 vel
1438 2067 1516 2098 loeis
1541 2067 1739 2098 secularibus

85 2117 126 2148 ab
151 2117 265 2149 eadem
291 2118 368 2149 sede
393 2120 560 2149 concessis
586 2129 643 2160 per
667 2129 728 2159 que
755 2122 808 2149 tue
833 2120 862 2149 in
892 2119 951 2150 hac
984 2123 1077 2160 parte
1109 2119 1335 2149 iurisdictionis
1361 2120 1509 2149 executio
1535 2120 1636 2160 possit
1660 2130 1737 2159 quo-

82 2169 262 2201 modolibet
291 2170 441 2211 impediri
471 2178 501 2201 et
534 2171 572 2201 de
603 2170 719 2211 quibus
748 2171 815 2201 fieri
847 2170 967 2201 debeat
998 2171 1026 2200 in
1060 2171 1174 2201 nostris
1204 2171 1316 2201 litteris
1349 2170 1387 2201 de
1414 2171 1511 2201 verbo
1542 2171 1583 2201 :id
1606 2171 1736 2201 verbnm

83 2222 203 2252 mentio
228 2222 386 2262 specialis.

190 2282 264 2312 Dat.
290 2283 449 2324 Anagnie7
478 2283 538 2314 Ill.
558 2283 665 2313 Nonas
690 2284 839 2324 Aprilisa.
865 2284 1068 2324 pontificatus
1093 2284 1188 2313 nostri
1214 2294 1295 2313 anno
1321 2284 1468 2323 septimo.

191 2386 232 2416 In
256 2386 419 2417 eundem
443 2387 594 2418 modum
618 2388 813 2418 universis
836 2387 1139 2419 marchionibus.
1165 2387 1371 2417 comitibus
1395 2386 1562 2426 aliisque
1589 2397 1738 2427 inagna-

84 2437 183 2468 tibus
208 2442 245 2468 et
267 2438 461 2468 nobilibus
484 2450 629 2470 necnon
654 2439 931 2480 potestatibus²
962 2439 1179 2480 capitaneis
1209 2439 1433 2478 ceterisque
1459 2437 1677 2468 rectoribus
1702 2446 1737 2469 et

83 2489 317 2520 consiliariis
348 2500 389 2520 ac
421 2491 751 2521 universitatibus
782 2491 1000 2521 civitatum.
1034 2499 1253 2521 castrorum
1287 2497 1322 2519 et
1353 2489 1525 2520 aliorum
1556 2489 1736 2520 locorum

83 2551 126 2572 ac
151 2541 325 2572 omnibus
350 2541 442 2572 aliis
467 2543 642 2583 personis
666 2542 913 2573 secularibus
938 2553 1006 2583 per
1030 2546 1158 2583 partes
1183 2541 1319 2571 Tuscie
1346 2541 1513 2572 Romano
1539 2541 1738 2572 subiectas

83 2593 253 2634 imperio
279 2593 515 2626 constitutis.
542 2599 581 2625 ut
605 2594 730 2625 eidem
756 2594 931 2635 paciario
958 2594 1146 2624 obediant
1171 2600 1238 2623 ctc.

188 2697 268 2723 1159.
297 2700 321 2731 ²)
341 2700 375 2724 im
395 2701 462 2724 male
482 2700 512 2724 11.
