<?xml version="1.0" encoding="UTF-8"?>
<!DOCTYPE html PUBLIC "-//W3C//DTD XHTML 1.0 Transitional//EN"
    "http://www.w3.org/TR/xhtml1/DTD/xhtml1-transitional.dtd">
<html xmlns="http://www.w3.org/1999/xhtml" xml:lang="en" lang="en">
 <head>
  <title>
</title>
<meta http-equiv="Content-Type" content="text/html;charset=utf-8" />
  <meta name='ocr-system' content='tesseract 3.04.00' />
  <meta name='ocr-capabilities' content='ocr_page ocr_carea ocr_par ocr_line ocrx_word'/>
</head>
<body>
  <div class='ocr_page' id='page_1' title='image "./monumentagermani0402geseuoft_0774.png"; bbox 0 0 2101 3182; ppageno 0'>
   <div class='ocr_carea' id='block_1_1' title="bbox 305 182 1852 217">
    <p class='ocr_par' dir='ltr' id='par_1_1' title="bbox 305 182 1852 217">
     <span class='ocr_line' id='line_1_1' title="bbox 305 182 1852 217; baseline 0.001 -7"><span class='ocrx_word' id='word_1_1' title='bbox 305 188 382 217; x_wconf 61' lang='lat'><strong>1452</strong></span> <span class='ocrx_word' id='word_1_2' title='bbox 448 184 745 210; x_wconf 63' lang='lat' dir='ltr'><strong>SUPPLEMEN&#39;FL‘M</strong></span> <span class='ocrx_word' id='word_1_3' title='bbox 766 184 814 209; x_wconf 79' lang='lat' dir='ltr'><strong>AD</strong></span> <span class='ocrx_word' id='word_1_4' title='bbox 835 183 1001 210; x_wconf 76' lang='lat' dir='ltr'>HEINRICI</span> <span class='ocrx_word' id='word_1_5' title='bbox 1022 183 1125 210; x_wconf 70' lang='lat' dir='ltr'>REGIS</span> <span class='ocrx_word' id='word_1_6' title='bbox 1145 182 1470 210; x_wconf 78' lang='lat' dir='ltr'><strong>CONSTITUTIONES.</strong></span> <span class='ocrx_word' id='word_1_7' title='bbox 1509 183 1583 211; x_wconf 87' lang='lat'><strong>1313.</strong></span> <span class='ocrx_word' id='word_1_8' title='bbox 1621 184 1668 211; x_wconf 78' lang='lat' dir='ltr'><strong>Nr.</strong></span> <span class='ocrx_word' id='word_1_9' title='bbox 1683 183 1758 212; x_wconf 84' lang='lat'><strong>1312.</strong></span> <span class='ocrx_word' id='word_1_10' title='bbox 1779 185 1852 212; x_wconf 82' lang='lat'><strong>1313.</strong></span> 
     </span>
    </p>
   </div>
   <div class='ocr_carea' id='block_1_2' title="bbox 297 269 1958 1397">
    <p class='ocr_par' dir='ltr' id='par_1_2' title="bbox 297 269 1958 1292">
     <span class='ocr_line' id='line_1_2' title="bbox 300 269 1955 311; baseline 0.001 -10"><span class='ocrx_word' id='word_1_11' title='bbox 300 271 533 302; x_wconf 65' lang='lat' dir='ltr'><strong>s11‹·‹·‹»ssoribus</strong></span> <span class='ocrx_word' id='word_1_12' title='bbox 552 271 667 301; x_wconf 74' lang='lat' dir='ltr'><strong>nostris</strong></span> <span class='ocrx_word' id='word_1_13' title='bbox 688 270 861 311; x_wconf 70' lang='lat' dir='ltr'><strong>predictis¹‘</strong></span> <span class='ocrx_word' id='word_1_14' title='bbox 887 277 919 300; x_wconf 84' lang='lat' dir='ltr'><strong>et</strong></span> <span class='ocrx_word' id='word_1_15' title='bbox 936 270 1082 301; x_wconf 81' lang='lat' dir='ltr'><strong>Romano</strong></span> <span class='ocrx_word' id='word_1_16' title='bbox 1108 271 1242 311; x_wconf 87' lang='lat' dir='ltr'><strong>imperio</strong></span> <span class='ocrx_word' id='word_1_17' title='bbox 1268 280 1324 300; x_wconf 88' lang='lat' dir='ltr'><strong>suo</strong></span> <span class='ocrx_word' id='word_1_18' title='bbox 1349 274 1382 301; x_wconf 81' lang='lat' dir='ltr'><strong>et</strong></span> <span class='ocrx_word' id='word_1_19' title='bbox 1405 269 1623 311; x_wconf 86' lang='lat' dir='ltr'><strong>predictorum</strong></span> <span class='ocrx_word' id='word_1_20' title='bbox 1648 271 1803 302; x_wconf 86' lang='lat' dir='ltr'><strong>heredum</strong></span> <span class='ocrx_word' id='word_1_21' title='bbox 1827 282 1955 302; x_wconf 88' lang='lat' dir='ltr'><strong>suorum</strong></span> 
     </span>
     <span class='ocr_line' id='line_1_3' title="bbox 300 321 1956 364; baseline 0.001 -11"><span class='ocrx_word' id='word_1_22' title='bbox 300 324 427 353; x_wconf 86' lang='lat' dir='ltr'><strong>nomine</strong></span> <span class='ocrx_word' id='word_1_23' title='bbox 453 334 507 363; x_wconf 88' lang='lat' dir='ltr'><strong>pro</strong></span> <span class='ocrx_word' id='word_1_24' title='bbox 533 326 647 355; x_wconf 77' lang='lat' dir='ltr'><strong>castro,</strong></span> <span class='ocrx_word' id='word_1_25' title='bbox 680 321 911 355; x_wconf 76' lang='lat' dir='ltr'><strong>iurisdictione.</strong></span> <span class='ocrx_word' id='word_1_26' title='bbox 941 321 1101 351; x_wconf 88' lang='lat' dir='ltr'><strong>territorio</strong></span> <span class='ocrx_word' id='word_1_27' title='bbox 1131 327 1163 351; x_wconf 86' lang='lat' dir='ltr'><strong>et</strong></span> <span class='ocrx_word' id='word_1_28' title='bbox 1193 321 1336 351; x_wconf 86' lang='lat' dir='ltr'><strong>districtu</strong></span> <span class='ocrx_word' id='word_1_29' title='bbox 1365 321 1499 362; x_wconf 86' lang='lat' dir='ltr'><strong>aliisque</strong></span> <span class='ocrx_word' id='word_1_30' title='bbox 1529 322 1681 363; x_wconf 74' lang='lat' dir='ltr'>predictis</span> <span class='ocrx_word' id='word_1_31' title='bbox 1709 323 1895 364; x_wconf 82' lang='lat' dir='ltr'>homagium</span> <span class='ocrx_word' id='word_1_32' title='bbox 1924 326 1956 354; x_wconf 86' lang='lat' dir='ltr'><strong>et</strong></span> 
     </span>
     <span class='ocr_line' id='line_1_4' title="bbox 301 372 1956 414; baseline 0.001 -10"><span class='ocrx_word' id='word_1_33' title='bbox 301 375 462 405; x_wconf 76' lang='lat' dir='ltr'><strong>fidelitatis</strong></span> <span class='ocrx_word' id='word_1_34' title='bbox 487 375 700 404; x_wconf 83' lang='lat' dir='ltr'><strong>iuramentum</strong></span> <span class='ocrx_word' id='word_1_35' title='bbox 726 373 865 414; x_wconf 84' lang='lat' dir='ltr'><strong>prestitit</strong></span> <span class='ocrx_word' id='word_1_36' title='bbox 894 376 926 402; x_wconf 88' lang='lat' dir='ltr'><strong>ct</strong></span> <span class='ocrx_word' id='word_1_37' title='bbox 954 382 1012 412; x_wconf 85' lang='lat' dir='ltr'><strong>per</strong></span> <span class='ocrx_word' id='word_1_38' title='bbox 1036 373 1251 403; x_wconf 83' lang='lat' dir='ltr'><strong>iuramentum</strong></span> <span class='ocrx_word' id='word_1_39' title='bbox 1283 373 1386 413; x_wconf 91' lang='lat' dir='ltr'><strong>ipsum</strong></span> <span class='ocrx_word' id='word_1_40' title='bbox 1410 372 1501 403; x_wconf 88' lang='lat' dir='ltr'><strong>nobis</strong></span> <span class='ocrx_word' id='word_1_41' title='bbox 1526 377 1558 404; x_wconf 89' lang='lat' dir='ltr'><strong>et</strong></span> <span class='ocrx_word' id='word_1_42' title='bbox 1581 374 1817 405; x_wconf 79' lang='lat' dir='ltr'><strong>successoribus</strong></span> <span class='ocrx_word' id='word_1_43' title='bbox 1841 374 1956 405; x_wconf 83' lang='lat' dir='ltr'><strong>nostris</strong></span> 
     </span>
     <span class='ocr_line' id='line_1_5' title="bbox 300 423 1955 467; baseline 0 -11"><span class='ocrx_word' id='word_1_44' title='bbox 300 426 450 467; x_wconf 73' lang='lat' dir='ltr'><strong>predietis</strong></span> <span class='ocrx_word' id='word_1_45' title='bbox 475 426 686 465; x_wconf 78' lang='lat' dir='ltr'><strong>Romanoque</strong></span> <span class='ocrx_word' id='word_1_46' title='bbox 711 425 846 464; x_wconf 84' lang='lat' dir='ltr'><strong>imperio</strong></span> <span class='ocrx_word' id='word_1_47' title='bbox 871 423 1089 454; x_wconf 72' lang='lat' dir='ltr'>obedientiam</span> <span class='ocrx_word' id='word_1_48' title='bbox 1122 427 1154 454; x_wconf 87' lang='lat' dir='ltr'><strong>et</strong></span> <span class='ocrx_word' id='word_1_49' title='bbox 1177 423 1368 455; x_wconf 86' lang='lat' dir='ltr'><strong>fidelitatem</strong></span> <span class='ocrx_word' id='word_1_50' title='bbox 1401 423 1544 455; x_wconf 77' lang='lat' dir='ltr'>debitam</span> <span class='ocrx_word' id='word_1_51' title='bbox 1569 435 1605 455; x_wconf 85' lang='lat' dir='ltr'><strong>ae</strong></span> <span class='ocrx_word' id='word_1_52' title='bbox 1630 426 1727 456; x_wconf 82' lang='lat' dir='ltr'><strong>etiam</strong></span> <span class='ocrx_word' id='word_1_53' title='bbox 1752 425 1859 456; x_wconf 84' lang='lat' dir='ltr'><strong>omnia</strong></span> <span class='ocrx_word' id='word_1_54' title='bbox 1882 425 1955 465; x_wconf 80' lang='lat' dir='ltr'><strong>alia,</strong></span> 
     </span>
     <span class='ocr_line' id='line_1_6' title="bbox 300 474 1956 518; baseline 0.001 -12"><span class='ocrx_word' id='word_1_55' title='bbox 300 489 361 518; x_wconf 65' lang='lat' dir='ltr'><strong>qut¹</strong></span> <span class='ocrx_word' id='word_1_56' title='bbox 388 478 415 507; x_wconf 91' lang='lat' dir='ltr'><strong>in</strong></span> <span class='ocrx_word' id='word_1_57' title='bbox 442 477 542 507; x_wconf 84' lang='lat' dir='ltr'><strong>forma</strong></span> <span class='ocrx_word' id='word_1_58' title='bbox 568 476 731 506; x_wconf 77' lang='lat' dir='ltr'><strong>fidelitatis</strong></span> <span class='ocrx_word' id='word_1_59' title='bbox 756 486 835 505; x_wconf 85' lang='lat' dir='ltr'><strong>nova</strong></span> <span class='ocrx_word' id='word_1_60' title='bbox 861 478 893 505; x_wconf 88' lang='lat' dir='ltr'><strong>et</strong></span> <span class='ocrx_word' id='word_1_61' title='bbox 911 475 1010 505; x_wconf 86' lang='lat' dir='ltr'><strong>veteri</strong></span> <span class='ocrx_word' id='word_1_62' title='bbox 1029 475 1242 514; x_wconf 74' lang='lat' dir='ltr'><strong>continentur⁷</strong></span> <span class='ocrx_word' id='word_1_63' title='bbox 1267 478 1424 515; x_wconf 85' lang='lat' dir='ltr'><strong>perpetuo</strong></span> <span class='ocrx_word' id='word_1_64' title='bbox 1442 474 1581 506; x_wconf 86' lang='lat' dir='ltr'><strong>fideliter</strong></span> <span class='ocrx_word' id='word_1_65' title='bbox 1604 476 1712 506; x_wconf 84' lang='lat' dir='ltr'><strong>facere</strong></span> <span class='ocrx_word' id='word_1_66' title='bbox 1737 480 1769 507; x_wconf 92' lang='lat' dir='ltr'><strong>et</strong></span> <span class='ocrx_word' id='word_1_67' title='bbox 1786 476 1956 507; x_wconf 81' lang='lat' dir='ltr'><strong>observare</strong></span> 
     </span>
     <span class='ocr_line' id='line_1_7' title="bbox 298 526 1956 569; baseline -0.001 -9"><span class='ocrx_word' id='word_1_68' title='bbox 298 542 334 560; x_wconf 59' lang='lat' dir='ltr'><strong>ae</strong></span> <span class='ocrx_word' id='word_1_69' title='bbox 352 529 480 559; x_wconf 76' lang='lat' dir='ltr'><strong>servitia</strong></span> <span class='ocrx_word' id='word_1_70' title='bbox 499 528 681 569; x_wconf 77' lang='lat' dir='ltr'><strong>supradicta</strong></span> <span class='ocrx_word' id='word_1_71' title='bbox 701 527 898 568; x_wconf 82' lang='lat' dir='ltr'><strong>impendere.</strong></span> <span class='ocrx_word' id='word_1_72' title='bbox 924 527 1001 561; x_wconf 77' lang='lat' dir='ltr'><strong>iura,</strong></span> <span class='ocrx_word' id='word_1_73' title='bbox 1027 527 1196 557; x_wconf 70' lang='lat' dir='ltr'>servitutes</span> <span class='ocrx_word' id='word_1_74' title='bbox 1221 530 1252 557; x_wconf 91' lang='lat' dir='ltr'><strong>et</strong></span> <span class='ocrx_word' id='word_1_75' title='bbox 1277 526 1418 557; x_wconf 83' lang='lat' dir='ltr'><strong>dominia</strong></span> <span class='ocrx_word' id='word_1_76' title='bbox 1435 530 1543 557; x_wconf 84' lang='lat' dir='ltr'><strong>nostra</strong></span> <span class='ocrx_word' id='word_1_77' title='bbox 1568 531 1722 567; x_wconf 85' lang='lat' dir='ltr'><strong>pretacta.</strong></span> <span class='ocrx_word' id='word_1_78' title='bbox 1747 528 1778 558; x_wconf 92' lang='lat' dir='ltr'><strong>in</strong></span> <span class='ocrx_word' id='word_1_79' title='bbox 1803 531 1956 569; x_wconf 85' lang='lat' dir='ltr'><strong>quantum</strong></span> 
     </span>
     <span class='ocr_line' id='line_1_8' title="bbox 299 578 1955 622; baseline 0 -12"><span class='ocrx_word' id='word_1_80' title='bbox 299 581 458 622; x_wconf 74' lang='lat' dir='ltr'><strong>spectabit</strong></span> <span class='ocrx_word' id='word_1_81' title='bbox 487 580 527 610; x_wconf 79' lang='lat' dir='ltr'><strong>ad</strong></span> <span class='ocrx_word' id='word_1_82' title='bbox 558 590 630 610; x_wconf 92' lang='lat' dir='ltr'><strong>eum</strong></span> <span class='ocrx_word' id='word_1_83' title='bbox 663 583 694 609; x_wconf 93' lang='lat' dir='ltr'><strong>et</strong></span> <span class='ocrx_word' id='word_1_84' title='bbox 723 578 861 609; x_wconf 87' lang='lat' dir='ltr'><strong>heredes</strong></span> <span class='ocrx_word' id='word_1_85' title='bbox 890 589 963 609; x_wconf 84' lang='lat' dir='ltr'><strong>suos</strong></span> <span class='ocrx_word' id='word_1_86' title='bbox 992 578 1170 619; x_wconf 75' lang='lat' dir='ltr'><strong>predictos⁷</strong></span> <span class='ocrx_word' id='word_1_87' title='bbox 1200 578 1401 619; x_wconf 76' lang='lat' dir='ltr'><strong>integraliter</strong></span> <span class='ocrx_word' id='word_1_88' title='bbox 1424 578 1561 609; x_wconf 79' lang='lat' dir='ltr'><strong>reddere</strong></span> <span class='ocrx_word' id='word_1_89' title='bbox 1587 582 1618 609; x_wconf 91' lang='lat' dir='ltr'><strong>et</strong></span> <span class='ocrx_word' id='word_1_90' title='bbox 1643 589 1832 610; x_wconf 82' lang='lat' dir='ltr'><strong>conservare</strong></span> <span class='ocrx_word' id='word_1_91' title='bbox 1855 589 1892 610; x_wconf 86' lang='lat' dir='ltr'><strong>ae</strong></span> <span class='ocrx_word' id='word_1_92' title='bbox 1917 589 1955 610; x_wconf 85' lang='lat' dir='ltr'><strong>ea</strong></span> 
     </span>
     <span class='ocr_line' id='line_1_9' title="bbox 300 629 1955 672; baseline -0.001 -10"><span class='ocrx_word' id='word_1_93' title='bbox 300 633 348 663; x_wconf 84' lang='lat' dir='ltr'><strong>vel</strong></span> <span class='ocrx_word' id='word_1_94' title='bbox 376 643 485 662; x_wconf 83' lang='lat' dir='ltr'><strong>eorum</strong></span> <span class='ocrx_word' id='word_1_95' title='bbox 510 632 639 672; x_wconf 83' lang='lat' dir='ltr'><strong>aliquod</strong></span> <span class='ocrx_word' id='word_1_96' title='bbox 666 642 722 672; x_wconf 85' lang='lat' dir='ltr'><strong>per</strong></span> <span class='ocrx_word' id='word_1_97' title='bbox 752 642 785 661; x_wconf 77' lang='lat' dir='ltr'><strong>se</strong></span> <span class='ocrx_word' id='word_1_98' title='bbox 810 630 860 661; x_wconf 86' lang='lat' dir='ltr'><strong>vel</strong></span> <span class='ocrx_word' id='word_1_99' title='bbox 885 631 982 660; x_wconf 89' lang='lat' dir='ltr'><strong>alium</strong></span> <span class='ocrx_word' id='word_1_100' title='bbox 1015 640 1071 660; x_wconf 88' lang='lat' dir='ltr'><strong>seu</strong></span> <span class='ocrx_word' id='word_1_101' title='bbox 1096 630 1176 661; x_wconf 91' lang='lat' dir='ltr'><strong>alios</strong></span> <span class='ocrx_word' id='word_1_102' title='bbox 1200 629 1328 670; x_wconf 87' lang='lat' dir='ltr'><strong>publice</strong></span> <span class='ocrx_word' id='word_1_103' title='bbox 1358 630 1409 661; x_wconf 85' lang='lat' dir='ltr'><strong>vel</strong></span> <span class='ocrx_word' id='word_1_104' title='bbox 1434 630 1558 661; x_wconf 83' lang='lat' dir='ltr'><strong>occulte</strong></span> <span class='ocrx_word' id='word_1_105' title='bbox 1583 630 1764 661; x_wconf 85' lang='lat' dir='ltr'><strong>nullatenus</strong></span> <span class='ocrx_word' id='word_1_106' title='bbox 1788 629 1955 672; x_wconf 88' lang='lat' dir='ltr'><strong>impedire,</strong></span> 
     </span>
     <span class='ocr_line' id='line_1_10' title="bbox 298 682 1957 724; baseline 0 -11"><span class='ocrx_word' id='word_1_107' title='bbox 298 685 400 724; x_wconf 88' lang='lat' dir='ltr'><strong>ipsum</strong></span> <span class='ocrx_word' id='word_1_108' title='bbox 427 695 482 713; x_wconf 80' lang='lat' dir='ltr'><strong>suo</strong></span> <span class='ocrx_word' id='word_1_109' title='bbox 509 688 539 714; x_wconf 86' lang='lat' dir='ltr'><strong>et</strong></span> <span class='ocrx_word' id='word_1_110' title='bbox 559 683 775 724; x_wconf 51' lang='lat' dir='ltr'><strong>predictorum</strong></span> <span class='ocrx_word' id='word_1_111' title='bbox 796 682 952 713; x_wconf 78' lang='lat' dir='ltr'><strong>heredum</strong></span> <span class='ocrx_word' id='word_1_112' title='bbox 977 693 1105 712; x_wconf 85' lang='lat' dir='ltr'><strong>suorum</strong></span> <span class='ocrx_word' id='word_1_113' title='bbox 1130 683 1258 712; x_wconf 86' lang='lat' dir='ltr'><strong>nominc</strong></span> <span class='ocrx_word' id='word_1_114' title='bbox 1283 682 1323 712; x_wconf 88' lang='lat' dir='ltr'><strong>de</strong></span> <span class='ocrx_word' id='word_1_115' title='bbox 1349 685 1463 721; x_wconf 72' lang='lat' dir='ltr'><strong>castro,</strong></span> <span class='ocrx_word' id='word_1_116' title='bbox 1488 682 1716 723; x_wconf 61' lang='lat' dir='ltr'><strong>iurisdictione,</strong></span> <span class='ocrx_word' id='word_1_117' title='bbox 1741 683 1900 713; x_wconf 85' lang='lat' dir='ltr'><strong>territorio</strong></span> <span class='ocrx_word' id='word_1_118' title='bbox 1925 685 1957 713; x_wconf 87' lang='lat' dir='ltr'><strong>et</strong></span> 
     </span>
     <span class='ocr_line' id='line_1_11' title="bbox 299 733 1956 776; baseline -0.001 -10"><span class='ocrx_word' id='word_1_119' title='bbox 299 736 441 766; x_wconf 65' lang='lat' dir='ltr'><strong>aisn-ivm</strong></span> <span class='ocrx_word' id='word_1_120' title='bbox 467 735 619 776; x_wconf 69' lang='lat' dir='ltr'><strong>predictis</strong></span> <span class='ocrx_word' id='word_1_121' title='bbox 638 740 788 776; x_wconf 85' lang='lat' dir='ltr'><strong>tauquam</strong></span> <span class='ocrx_word' id='word_1_122' title='bbox 815 734 854 765; x_wconf 89' lang='lat' dir='ltr'><strong>de</strong></span> <span class='ocrx_word' id='word_1_123' title='bbox 881 734 976 765; x_wconf 88' lang='lat' dir='ltr'><strong>feodo</strong></span> <span class='ocrx_word' id='word_1_124' title='bbox 1001 734 1098 764; x_wconf 85' lang='lat' dir='ltr'><strong>nobili</strong></span> <span class='ocrx_word' id='word_1_125' title='bbox 1125 745 1182 775; x_wconf 90' lang='lat' dir='ltr'><strong>per</strong></span> <span class='ocrx_word' id='word_1_126' title='bbox 1198 733 1347 765; x_wconf 83' lang='lat' dir='ltr'><strong>baculum</strong></span> <span class='ocrx_word' id='word_1_127' title='bbox 1365 744 1460 775; x_wconf 79' lang='lat' dir='ltr'><strong>quenl</strong></span> <span class='ocrx_word' id='word_1_128' title='bbox 1478 745 1573 765; x_wconf 85' lang='lat' dir='ltr'><strong>manu</strong></span> <span class='ocrx_word' id='word_1_129' title='bbox 1590 738 1755 775; x_wconf 79' lang='lat' dir='ltr'><strong>gestamus</strong></span> <span class='ocrx_word' id='word_1_130' title='bbox 1778 734 1956 775; x_wconf 84' lang='lat' dir='ltr'><strong>presentia-</strong></span> 
     </span>
     <span class='ocr_line' id='line_1_12' title="bbox 298 785 1956 827; baseline -0.001 -10"><span class='ocrx_word' id='word_1_131' title='bbox 298 787 371 818; x_wconf 88' lang='lat' dir='ltr'><strong>liter</strong></span> <span class='ocrx_word' id='word_1_132' title='bbox 396 788 589 817; x_wconf 70' lang='lat' dir='ltr'><strong>investimus.</strong></span> <span class='ocrx_word' id='word_1_133' title='bbox 639 787 796 821; x_wconf 70' lang='lat' dir='ltr'><strong>Quocirca</strong></span> <span class='ocrx_word' id='word_1_134' title='bbox 821 786 947 817; x_wconf 75' lang='lat' dir='ltr'><strong>dilectis</strong></span> <span class='ocrx_word' id='word_1_135' title='bbox 970 785 1119 816; x_wconf 85' lang='lat' dir='ltr'><strong>fidelibus</strong></span> <span class='ocrx_word' id='word_1_136' title='bbox 1145 787 1260 816; x_wconf 80' lang='lat' dir='ltr'><strong>nostris</strong></span> <span class='ocrx_word' id='word_1_137' title='bbox 1284 786 1418 825; x_wconf 70' lang='lat' dir='ltr'><strong>vicario.r</strong></span> <span class='ocrx_word' id='word_1_138' title='bbox 1451 786 1582 816; x_wconf 81' lang='lat' dir='ltr'><strong>consilio</strong></span> <span class='ocrx_word' id='word_1_139' title='bbox 1608 790 1641 817; x_wconf 86' lang='lat' dir='ltr'><strong>et</strong></span> <span class='ocrx_word' id='word_1_140' title='bbox 1665 787 1824 817; x_wconf 88' lang='lat' dir='ltr'><strong>communi</strong></span> <span class='ocrx_word' id='word_1_141' title='bbox 1848 786 1956 827; x_wconf 88' lang='lat' dir='ltr'><strong>singu-</strong></span> 
     </span>
     <span class='ocr_line' id='line_1_13' title="bbox 298 835 1957 879; baseline -0.001 -10"><span class='ocrx_word' id='word_1_142' title='bbox 298 839 480 879; x_wconf 71' lang='lat' dir='ltr'><strong>laribusque</strong></span> <span class='ocrx_word' id='word_1_143' title='bbox 516 839 662 879; x_wconf 73' lang='lat' dir='ltr'><strong>personis</strong></span> <span class='ocrx_word' id='word_1_144' title='bbox 700 837 775 868; x_wconf 80' lang='lat' dir='ltr'><strong>dieti</strong></span> <span class='ocrx_word' id='word_1_145' title='bbox 807 838 900 869; x_wconf 83' lang='lat' dir='ltr'><strong>castri</strong></span> <span class='ocrx_word' id='word_1_146' title='bbox 934 838 1080 869; x_wconf 70' lang='lat' dir='ltr'><strong>Soneinic</strong></span> <span class='ocrx_word' id='word_1_147' title='bbox 1116 848 1173 878; x_wconf 90' lang='lat' dir='ltr'><strong>per</strong></span> <span class='ocrx_word' id='word_1_148' title='bbox 1207 835 1535 878; x_wconf 81' lang='lat' dir='ltr'><strong>imperiales&#39;apices</strong></span> <span class='ocrx_word' id='word_1_149' title='bbox 1570 837 1713 868; x_wconf 88' lang='lat' dir='ltr'><strong>districte</strong></span> <span class='ocrx_word' id='word_1_150' title='bbox 1749 837 1957 879; x_wconf 83' lang='lat' dir='ltr'><strong>precipiendo</strong></span> 
     </span>
     <span class='ocr_line' id='line_1_14' title="bbox 298 888 1957 930; baseline -0.001 -9"><span class='ocrx_word' id='word_1_151' title='bbox 298 891 497 929; x_wconf 59' lang='grc' dir='ltr'><strong>ιηηηιΙειιηιιε,</strong></span> <span class='ocrx_word' id='word_1_152' title='bbox 523 890 671 930; x_wconf 76' lang='lat' dir='ltr'><strong>quatinus</strong></span> <span class='ocrx_word' id='word_1_153' title='bbox 697 889 800 920; x_wconf 87' lang='lat' dir='ltr'><strong>dietus</strong></span> <span class='ocrx_word' id='word_1_154' title='bbox 818 890 953 920; x_wconf 81' lang='lat' dir='ltr'><strong>vicarius</strong></span> <span class='ocrx_word' id='word_1_155' title='bbox 978 894 1117 920; x_wconf 80' lang='lat' dir='ltr'><strong>castrum</strong></span> <span class='ocrx_word' id='word_1_156' title='bbox 1135 889 1238 929; x_wconf 83' lang='lat' dir='ltr'><strong>ipsum</strong></span> <span class='ocrx_word' id='word_1_157' title='bbox 1264 889 1371 919; x_wconf 78' lang='lat' dir='ltr'><strong>statim</strong></span> <span class='ocrx_word' id='word_1_158' title='bbox 1395 889 1470 918; x_wconf 82' lang='lat' dir='ltr'><strong>visis</strong></span> <span class='ocrx_word' id='word_1_159' title='bbox 1488 889 1689 929; x_wconf 83' lang='lat' dir='ltr'><strong>presentibus</strong></span> <span class='ocrx_word' id='word_1_160' title='bbox 1705 889 1832 930; x_wconf 84' lang='lat' dir='ltr'><strong>prefato</strong></span> <span class='ocrx_word' id='word_1_161' title='bbox 1849 888 1957 920; x_wconf 82' lang='lat' dir='ltr'><strong>comiti</strong></span> 
     </span>
     <span class='ocr_line' id='line_1_15' title="bbox 298 940 1957 982; baseline -0.001 -10"><span class='ocrx_word' id='word_1_162' title='bbox 298 942 434 972; x_wconf 84' lang='lat' dir='ltr'><strong>liberum</strong></span> <span class='ocrx_word' id='word_1_163' title='bbox 459 946 491 972; x_wconf 85' lang='lat' dir='ltr'><strong>et</strong></span> <span class='ocrx_word' id='word_1_164' title='bbox 516 941 704 982; x_wconf 80' lang='lat' dir='ltr'><strong>expeditum</strong></span> <span class='ocrx_word' id='word_1_165' title='bbox 730 941 858 972; x_wconf 84' lang='lat' dir='ltr'><strong>tradere</strong></span> <span class='ocrx_word' id='word_1_166' title='bbox 881 940 1062 982; x_wconf 76' lang='lat' dir='ltr'><strong>prefatique</strong></span> <span class='ocrx_word' id='word_1_167' title='bbox 1087 940 1254 971; x_wconf 81' lang='lat' dir='ltr'><strong>eonsilium</strong></span> <span class='ocrx_word' id='word_1_168' title='bbox 1279 943 1311 971; x_wconf 89' lang='lat' dir='ltr'><strong>et</strong></span> <span class='ocrx_word' id='word_1_169' title='bbox 1328 951 1463 971; x_wconf 83' lang='lat' dir='ltr'><strong>comune</strong></span> <span class='ocrx_word' id='word_1_170' title='bbox 1480 941 1608 982; x_wconf 84' lang='lat' dir='ltr'><strong>alioque</strong></span> <span class='ocrx_word' id='word_1_171' title='bbox 1626 951 1762 981; x_wconf 87' lang='lat' dir='ltr'><strong>persone</strong></span> <span class='ocrx_word' id='word_1_172' title='bbox 1780 940 1957 982; x_wconf 84' lang='lat' dir='ltr'><strong>singulares</strong></span> 
     </span>
     <span class='ocr_line' id='line_1_16' title="bbox 298 992 1958 1032; baseline -0.001 -8"><span class='ocrx_word' id='word_1_173' title='bbox 298 994 403 1024; x_wconf 82' lang='lat' dir='ltr'><strong>eidem</strong></span> <span class='ocrx_word' id='word_1_174' title='bbox 428 993 567 1024; x_wconf 83' lang='lat' dir='ltr'><strong>fideliter</strong></span> <span class='ocrx_word' id='word_1_175' title='bbox 591 993 739 1027; x_wconf 76' lang='lat' dir='ltr'><strong>obedire,</strong></span> <span class='ocrx_word' id='word_1_176' title='bbox 771 994 890 1023; x_wconf 72' lang='lat' dir='ltr'><strong>servire</strong></span> <span class='ocrx_word' id='word_1_177' title='bbox 923 1003 959 1023; x_wconf 87' lang='lat' dir='ltr'><strong>ac</strong></span> <span class='ocrx_word' id='word_1_178' title='bbox 990 992 1155 1023; x_wconf 85' lang='lat' dir='ltr'><strong>humiliter</strong></span> <span class='ocrx_word' id='word_1_179' title='bbox 1185 992 1352 1023; x_wconf 77' lang='lat' dir='ltr'><strong>intendere</strong></span> <span class='ocrx_word' id='word_1_180' title='bbox 1383 992 1507 1032; x_wconf 85' lang='lat' dir='ltr'><strong>sibique</strong></span> <span class='ocrx_word' id='word_1_181' title='bbox 1540 992 1580 1023; x_wconf 89' lang='lat' dir='ltr'><strong>de</strong></span> <span class='ocrx_word' id='word_1_182' title='bbox 1605 992 1751 1023; x_wconf 88' lang='lat' dir='ltr'><strong>omnibus</strong></span> <span class='ocrx_word' id='word_1_183' title='bbox 1774 992 1894 1023; x_wconf 85' lang='lat' dir='ltr'><strong>iuribus</strong></span> <span class='ocrx_word' id='word_1_184' title='bbox 1925 994 1958 1023; x_wconf 83' lang='lat' dir='ltr'><strong>et</strong></span> 
     </span>
     <span class='ocr_line' id='line_1_17' title="bbox 298 1043 1958 1085; baseline -0.001 -10"><span class='ocrx_word' id='word_1_185' title='bbox 298 1045 475 1076; x_wconf 80' lang='lat' dir='ltr'><strong>redditibus</strong></span> <span class='ocrx_word' id='word_1_186' title='bbox 499 1045 719 1085; x_wconf 76' lang='lat' dir='ltr'><strong>spectantibus</strong></span> <span class='ocrx_word' id='word_1_187' title='bbox 748 1044 788 1074; x_wconf 85' lang='lat' dir='ltr'><strong>ad</strong></span> <span class='ocrx_word' id='word_1_188' title='bbox 814 1044 989 1075; x_wconf 86' lang='lat' dir='ltr'><strong>dominium</strong></span> <span class='ocrx_word' id='word_1_189' title='bbox 1014 1045 1114 1085; x_wconf 82' lang='lat' dir='ltr'><strong>ipsius</strong></span> <span class='ocrx_word' id='word_1_190' title='bbox 1138 1044 1199 1074; x_wconf 87' lang='lat' dir='ltr'><strong>loci</strong></span> <span class='ocrx_word' id='word_1_191' title='bbox 1228 1043 1350 1084; x_wconf 82' lang='lat' dir='ltr'><strong>absque</strong></span> <span class='ocrx_word' id='word_1_192' title='bbox 1376 1043 1565 1075; x_wconf 85' lang='lat' dir='ltr'><strong>difficultate</strong></span> <span class='ocrx_word' id='word_1_193' title='bbox 1590 1044 1735 1085; x_wconf 84' lang='lat' dir='ltr'><strong>qualibet</strong></span> <span class='ocrx_word' id='word_1_194' title='bbox 1757 1043 1958 1085; x_wconf 84' lang='lat' dir='ltr'><strong>integraliter</strong></span> 
     </span>
     <span class='ocr_line' id='line_1_18' title="bbox 298 1095 1956 1137; baseline -0.001 -10"><span class='ocrx_word' id='word_1_195' title='bbox 298 1096 494 1137; x_wconf 83' lang='lat' dir='ltr'><strong>respondere</strong></span> <span class='ocrx_word' id='word_1_196' title='bbox 531 1108 566 1127; x_wconf 82' lang='lat' dir='ltr'><strong>ae</strong></span> <span class='ocrx_word' id='word_1_197' title='bbox 601 1107 697 1137; x_wconf 86' lang='lat' dir='ltr'><strong>super</strong></span> <span class='ocrx_word' id='word_1_198' title='bbox 728 1096 787 1126; x_wconf 83' lang='lat' dir='ltr'><strong>hiis</strong></span> <span class='ocrx_word' id='word_1_199' title='bbox 817 1097 905 1127; x_wconf 82' lang='lat' dir='ltr'><strong>salvo</strong></span> <span class='ocrx_word' id='word_1_200' title='bbox 937 1100 970 1127; x_wconf 84' lang='lat' dir='ltr'><strong>et</strong></span> <span class='ocrx_word' id='word_1_201' title='bbox 998 1100 1162 1127; x_wconf 77' lang='lat' dir='ltr'><strong>reservato</strong></span> <span class='ocrx_word' id='word_1_202' title='bbox 1197 1096 1298 1136; x_wconf 87' lang='lat' dir='ltr'><strong>prime</strong></span> <span class='ocrx_word' id='word_1_203' title='bbox 1327 1095 1492 1126; x_wconf 83' lang='lat' dir='ltr'><strong>fidelitatis</strong></span> <span class='ocrx_word' id='word_1_204' title='bbox 1525 1095 1648 1135; x_wconf 69' lang='lat' dir='ltr'><strong>debito.</strong></span> <span class='ocrx_word' id='word_1_205' title='bbox 1685 1096 1716 1126; x_wconf 92' lang='lat' dir='ltr'><strong>in</strong></span> <span class='ocrx_word' id='word_1_206' title='bbox 1751 1106 1813 1137; x_wconf 91' lang='lat' dir='ltr'><strong>quo</strong></span> <span class='ocrx_word' id='word_1_207' title='bbox 1848 1098 1956 1126; x_wconf 83' lang='lat' dir='ltr'><strong>nostre</strong></span> 
     </span>
     <span class='ocr_line' id='line_1_19' title="bbox 297 1145 1957 1189; baseline -0.001 -10"><span class='ocrx_word' id='word_1_208' title='bbox 297 1149 458 1179; x_wconf 86' lang='lat' dir='ltr'><strong>maiestati</strong></span> <span class='ocrx_word' id='word_1_209' title='bbox 484 1152 514 1179; x_wconf 89' lang='lat' dir='ltr'><strong>et</strong></span> <span class='ocrx_word' id='word_1_210' title='bbox 532 1149 666 1189; x_wconf 84' lang='lat' dir='ltr'><strong>imperio</strong></span> <span class='ocrx_word' id='word_1_211' title='bbox 687 1148 830 1178; x_wconf 77' lang='lat' dir='ltr'><strong>Romano</strong></span> <span class='ocrx_word' id='word_1_212' title='bbox 854 1151 1011 1187; x_wconf 76' lang='lat' dir='ltr'><strong>tenentur,</strong></span> <span class='ocrx_word' id='word_1_213' title='bbox 1037 1148 1250 1178; x_wconf 83' lang='lat' dir='ltr'><strong>iuramentum</strong></span> <span class='ocrx_word' id='word_1_214' title='bbox 1269 1150 1412 1188; x_wconf 77' lang='lat' dir='ltr'><strong>prestare</strong></span> <span class='ocrx_word' id='word_1_215' title='bbox 1431 1158 1503 1178; x_wconf 88' lang='lat' dir='ltr'><strong>eum</strong></span> <span class='ocrx_word' id='word_1_216' title='bbox 1521 1147 1772 1188; x_wconf 84' lang='lat' dir='ltr'><strong>promptitudine</strong></span> <span class='ocrx_word' id='word_1_217' title='bbox 1797 1145 1957 1185; x_wconf 79' lang='lat' dir='ltr'><strong>studeant,</strong></span> 
     </span>
     <span class='ocr_line' id='line_1_20' title="bbox 297 1199 1957 1241; baseline 0 -12"><span class='ocrx_word' id='word_1_218' title='bbox 297 1201 378 1230; x_wconf 71' lang='lat' dir='ltr'><strong>sieut</strong></span> <span class='ocrx_word' id='word_1_219' title='bbox 410 1204 549 1231; x_wconf 82' lang='lat' dir='ltr'><strong>nostram</strong></span> <span class='ocrx_word' id='word_1_220' title='bbox 582 1200 834 1241; x_wconf 77' lang='lat' dir='ltr'><strong>indignationem</strong></span> <span class='ocrx_word' id='word_1_221' title='bbox 870 1200 1001 1240; x_wconf 85' lang='lat' dir='ltr'><strong>cupiunt</strong></span> <span class='ocrx_word' id='word_1_222' title='bbox 1033 1200 1165 1230; x_wconf 89' lang='lat' dir='ltr'><strong>evitare.</strong></span> <span class='ocrx_word' id='word_1_223' title='bbox 1267 1199 1302 1229; x_wconf 90' lang='lat' dir='ltr'><strong>In</strong></span> <span class='ocrx_word' id='word_1_224' title='bbox 1333 1199 1423 1229; x_wconf 86' lang='lat' dir='ltr'><strong>cuius</strong></span> <span class='ocrx_word' id='word_1_225' title='bbox 1458 1200 1502 1230; x_wconf 90' lang='lat' dir='ltr'><strong>rei</strong></span> <span class='ocrx_word' id='word_1_226' title='bbox 1539 1200 1756 1230; x_wconf 87' lang='lat' dir='ltr'><strong>testimouium</strong></span> <span class='ocrx_word' id='word_1_227' title='bbox 1791 1201 1957 1239; x_wconf 82' lang='lat' dir='ltr'><strong>presentes</strong></span> 
     </span>
     <span class='ocr_line' id='line_1_21' title="bbox 298 1251 1282 1292; baseline -0.001 -10"><span class='ocrx_word' id='word_1_228' title='bbox 298 1253 420 1282; x_wconf 79' lang='lat' dir='ltr'><strong>litteras</strong></span> <span class='ocrx_word' id='word_1_229' title='bbox 445 1255 551 1283; x_wconf 86' lang='lat' dir='ltr'><strong>nostre</strong></span> <span class='ocrx_word' id='word_1_230' title='bbox 577 1252 755 1282; x_wconf 80' lang='lat' dir='ltr'><strong>maiestatis</strong></span> <span class='ocrx_word' id='word_1_231' title='bbox 780 1251 885 1292; x_wconf 89' lang='lat' dir='ltr'><strong>sigillo</strong></span> <span class='ocrx_word' id='word_1_232' title='bbox 911 1252 1058 1282; x_wconf 82' lang='lat' dir='ltr'><strong>iussimus</strong></span> <span class='ocrx_word' id='word_1_233' title='bbox 1083 1252 1282 1282; x_wconf 86' lang='lat' dir='ltr'><strong>communiri.</strong></span> 
     </span>
    </p>

    <p class='ocr_par' dir='ltr' id='par_1_3' title="bbox 298 1300 1957 1397">
     <span class='ocr_line' id='line_1_22' title="bbox 407 1300 1957 1343; baseline -0.001 -9"><span class='ocrx_word' id='word_1_234' title='bbox 407 1304 479 1334; x_wconf 85' lang='lat' dir='ltr'><strong>Dat.</strong></span> <span class='ocrx_word' id='word_1_235' title='bbox 497 1303 590 1339; x_wconf 71' lang='lat' dir='ltr'><strong>Pisis,</strong></span> <span class='ocrx_word' id='word_1_236' title='bbox 621 1304 676 1334; x_wconf 88' lang='grc' dir='ltr'>ΙΙΙ,</span> <span class='ocrx_word' id='word_1_237' title='bbox 696 1303 742 1333; x_wconf 90' lang='lat' dir='ltr'><strong>Id.</strong></span> <span class='ocrx_word' id='word_1_238' title='bbox 760 1303 879 1343; x_wconf 84' lang='lat' dir='ltr'><strong>Martii,</strong></span> <span class='ocrx_word' id='word_1_239' title='bbox 905 1303 1078 1334; x_wconf 88' lang='lat' dir='ltr'><strong>indictione</strong></span> <span class='ocrx_word' id='word_1_240' title='bbox 1097 1302 1154 1337; x_wconf 81' lang='lat' dir='ltr'><strong>XI.</strong></span> <span class='ocrx_word' id='word_1_241' title='bbox 1179 1313 1261 1332; x_wconf 84' lang='lat' dir='ltr'><strong>anno</strong></span> <span class='ocrx_word' id='word_1_242' title='bbox 1280 1302 1408 1332; x_wconf 89' lang='lat' dir='ltr'><strong>Domini</strong></span> <span class='ocrx_word' id='word_1_243' title='bbox 1430 1301 1600 1332; x_wconf 83' lang='lat' dir='ltr'><strong>millesimo</strong></span> <span class='ocrx_word' id='word_1_244' title='bbox 1617 1302 1844 1333; x_wconf 87' lang='lat' dir='ltr'><strong>trecentesimo</strong></span> <span class='ocrx_word' id='word_1_245' title='bbox 1860 1300 1957 1341; x_wconf 83' lang='lat' dir='ltr'>XIII,</span> 
     </span>
     <span class='ocr_line' id='line_1_23' title="bbox 298 1355 1154 1397; baseline -0.001 -12"><span class='ocrx_word' id='word_1_246' title='bbox 298 1357 388 1397; x_wconf 81' lang='lat' dir='ltr'><strong>regni</strong></span> <span class='ocrx_word' id='word_1_247' title='bbox 413 1357 511 1386; x_wconf 87' lang='lat' dir='ltr'><strong>nostri</strong></span> <span class='ocrx_word' id='word_1_248' title='bbox 536 1366 618 1386; x_wconf 81' lang='lat' dir='ltr'><strong>anno</strong></span> <span class='ocrx_word' id='word_1_249' title='bbox 644 1356 764 1396; x_wconf 71' lang='lat' dir='ltr'><strong>quinto.</strong></span> <span class='ocrx_word' id='word_1_250' title='bbox 790 1356 915 1396; x_wconf 82' lang='lat' dir='ltr'><strong>imperii</strong></span> <span class='ocrx_word' id='word_1_251' title='bbox 940 1365 1016 1385; x_wconf 78' lang='lat' dir='ltr'><strong>vero</strong></span> <span class='ocrx_word' id='word_1_252' title='bbox 1042 1355 1154 1395; x_wconf 88' lang='lat' dir='ltr'><strong>primo.</strong></span> 
     </span>
    </p>
   </div>
   <div class='ocr_carea' id='block_1_3' title="bbox 376 1490 1880 1534">
    <p class='ocr_par' dir='ltr' id='par_1_4' title="bbox 376 1490 1880 1534">
     <span class='ocr_line' id='line_1_24' title="bbox 376 1490 1880 1534; baseline 0 -10"><span class='ocrx_word' id='word_1_253' title='bbox 376 1492 474 1524; x_wconf 76' lang='lat'><strong>1313.</strong></span> <span class='ocrx_word' id='word_1_254' title='bbox 500 1492 641 1534; x_wconf 66' lang='grc'><strong>(9181).)</strong></span> <span class='ocrx_word' id='word_1_255' title='bbox 678 1492 964 1524; x_wconf 74' lang='lat' dir='ltr'><em>MANDATUM</em></span> <span class='ocrx_word' id='word_1_256' title='bbox 987 1492 1163 1524; x_wconf 72' lang='lat' dir='ltr'><em>CASTRO</em></span> <span class='ocrx_word' id='word_1_257' title='bbox 1187 1491 1379 1525; x_wconf 78' lang='lat' dir='ltr'><strong><em>SONCINI</em></strong></span> <span class='ocrx_word' id='word_1_258' title='bbox 1401 1490 1661 1523; x_wconf 77' lang='lat' dir='ltr'><em>DJRECTUM.</em></span> <span class='ocrx_word' id='word_1_259' title='bbox 1709 1491 1810 1523; x_wconf 77' lang='lat' dir='ltr'><strong>Mart.</strong></span> <span class='ocrx_word' id='word_1_260' title='bbox 1827 1493 1880 1524; x_wconf 77' lang='lat'><strong>22.</strong></span> 
     </span>
    </p>
   </div>
   <div class='ocr_carea' id='block_1_4' title="bbox 297 1559 1959 1705">
    <p class='ocr_par' dir='ltr' id='par_1_5' title="bbox 297 1559 1959 1705">
     <span class='ocr_line' id='line_1_25' title="bbox 408 1559 1959 1602; baseline -0.001 -9"><span class='ocrx_word' id='word_1_261' title='bbox 408 1562 646 1602; x_wconf 63' lang='lat' dir='ltr'><strong>.›lut011›·a]›hnm</strong></span> <span class='ocrx_word' id='word_1_262' title='bbox 683 1562 818 1592; x_wconf 68' lang='lat' dir='ltr'><strong>eiusdmn</strong></span> <span class='ocrx_word' id='word_1_263' title='bbox 855 1561 1010 1592; x_wconf 75' lang='lat' dir='ltr'><strong>tabularii</strong></span> <span class='ocrx_word' id='word_1_264' title='bbox 1039 1561 1058 1592; x_wconf 87' lang='lat' dir='ltr'><strong>l.</strong></span> <span class='ocrx_word' id='word_1_265' title='bbox 1076 1572 1099 1592; x_wconf 66' lang='grc' dir='ltr'><strong>(τ.</strong></span> <span class='ocrx_word' id='word_1_266' title='bbox 1124 1572 1172 1592; x_wconf 75' lang='lat' dir='ltr'><strong>nr.</strong></span> <span class='ocrx_word' id='word_1_267' title='bbox 1199 1563 1261 1591; x_wconf 65' lang='lat'><strong>404</strong></span> <span class='ocrx_word' id='word_1_268' title='bbox 1294 1561 1365 1592; x_wconf 73' lang='lat' dir='ltr'><strong>ilem</strong></span> <span class='ocrx_word' id='word_1_269' title='bbox 1400 1560 1532 1592; x_wconf 74' lang='lat' dir='ltr'><strong>contulit</strong></span> <span class='ocrx_word' id='word_1_270' title='bbox 1563 1560 1604 1592; x_wconf 87' lang='lat' dir='ltr'><strong>R.</strong></span> <span class='ocrx_word' id='word_1_271' title='bbox 1626 1559 1782 1592; x_wconf 82' lang='lat' dir='ltr'><strong>Salomon.</strong></span> <span class='ocrx_word' id='word_1_272' title='bbox 1839 1560 1959 1592; x_wconf 72' lang='lat' dir='ltr'><strong>Pendet</strong></span> 
     </span>
     <span class='ocr_line' id='line_1_26' title="bbox 297 1611 1958 1653; baseline -0.001 -8"><span class='ocrx_word' id='word_1_273' title='bbox 297 1614 435 1653; x_wconf 64' lang='lat' dir='ltr'><strong>siglillzcm</strong></span> <span class='ocrx_word' id='word_1_274' title='bbox 459 1614 523 1645; x_wconf 71' lang='lat' dir='ltr'><strong>toro</strong></span> <span class='ocrx_word' id='word_1_275' title='bbox 546 1615 789 1645; x_wconf 61' lang='lat' dir='ltr'><strong>memlffmmevo.</strong></span> <span class='ocrx_word' id='word_1_276' title='bbox 836 1613 879 1644; x_wconf 76' lang='lat' dir='ltr'><strong>In</strong></span> <span class='ocrx_word' id='word_1_277' title='bbox 902 1624 986 1644; x_wconf 67' lang='lat' dir='ltr'><strong>verso</strong></span> <span class='ocrx_word' id='word_1_278' title='bbox 1010 1612 1139 1652; x_wconf 67' lang='lat' dir='ltr'><strong>leyitur:</strong></span> <span class='ocrx_word' id='word_1_279' title='bbox 1167 1613 1208 1649; x_wconf 70' lang='lat' dir='ltr'><strong>R.</strong></span> <span class='ocrx_word' id='word_1_280' title='bbox 1257 1613 1368 1643; x_wconf 71' lang='lat' dir='ltr'><strong>Edidit</strong></span> <span class='ocrx_word' id='word_1_281' title='bbox 1395 1611 1570 1643; x_wconf 75' lang='lat' dir='ltr'><strong>Galantino</strong></span> <span class='ocrx_word' id='word_1_282' title='bbox 1593 1612 1613 1642; x_wconf 81' lang='lat' dir='ltr'><strong>I.</strong></span> <span class='ocrx_word' id='word_1_283' title='bbox 1635 1622 1659 1643; x_wconf 83' lang='lat' dir='ltr'><strong>e.</strong></span> <span class='ocrx_word' id='word_1_284' title='bbox 1682 1612 1747 1643; x_wconf 81' lang='lat' dir='ltr'><strong>III</strong></span> <span class='ocrx_word' id='word_1_285' title='bbox 1765 1612 1848 1652; x_wconf 78' lang='lat' dir='ltr'><strong>App.</strong></span> <span class='ocrx_word' id='word_1_286' title='bbox 1866 1623 1900 1652; x_wconf 78' lang='lat' dir='ltr'><strong>p.</strong></span> <span class='ocrx_word' id='word_1_287' title='bbox 1916 1613 1958 1643; x_wconf 79' lang='lat'><strong>89</strong></span> 
     </span>
     <span class='ocr_line' id='line_1_27' title="bbox 299 1663 1872 1705; baseline -0.001 -8"><span class='ocrx_word' id='word_1_288' title='bbox 299 1677 346 1697; x_wconf 74' lang='lat' dir='ltr'><strong>nr.</strong></span> <span class='ocrx_word' id='word_1_289' title='bbox 363 1668 393 1697; x_wconf 67' lang='lat'><strong>2.</strong></span> <span class='ocrx_word' id='word_1_290' title='bbox 1686 1663 1740 1703; x_wconf 88' lang='lat' dir='ltr'><strong>(P.</strong></span> <span class='ocrx_word' id='word_1_291' title='bbox 1764 1664 1872 1705; x_wconf 74' lang='lat' dir='ltr'><strong>deest.)</strong></span> 
     </span>
    </p>
   </div>
   <div class='ocr_carea' id='block_1_5' title="bbox 299 1741 1962 2664">
    <p class='ocr_par' dir='ltr' id='par_1_6' title="bbox 299 1741 1960 1878">
     <span class='ocr_line' id='line_1_28' title="bbox 407 1741 1960 1783; baseline -0.001 -9"><span class='ocrx_word' id='word_1_292' title='bbox 407 1744 565 1774; x_wconf 74' lang='lat' dir='ltr'><strong>llenrieus</strong></span> <span class='ocrx_word' id='word_1_293' title='bbox 579 1744 639 1774; x_wconf 50' lang='lat' dir='ltr'><strong>1⁷)ei</strong></span> <span class='ocrx_word' id='word_1_294' title='bbox 659 1743 762 1783; x_wconf 72' lang='lat' dir='ltr'><strong>gratia</strong></span> <span class='ocrx_word' id='word_1_295' title='bbox 778 1742 998 1773; x_wconf 82' lang='lat' dir='ltr'><strong>Romanorum</strong></span> <span class='ocrx_word' id='word_1_296' title='bbox 1018 1743 1138 1783; x_wconf 84' lang='lat' dir='ltr'><strong>impera</strong></span> <span class='ocrx_word' id='word_1_297' title='bbox 1146 1747 1194 1773; x_wconf 88' lang='lat' dir='ltr'><strong>tor</strong></span> <span class='ocrx_word' id='word_1_298' title='bbox 1210 1752 1338 1782; x_wconf 80' lang='lat' dir='ltr'><strong>semper</strong></span> <span class='ocrx_word' id='word_1_299' title='bbox 1355 1745 1508 1782; x_wconf 82' lang='lat' dir='ltr'><strong>augustus</strong></span> <span class='ocrx_word' id='word_1_300' title='bbox 1588 1741 1713 1772; x_wconf 85' lang='lat' dir='ltr'><strong>dilectis</strong></span> <span class='ocrx_word' id='word_1_301' title='bbox 1730 1741 1879 1773; x_wconf 85' lang='lat' dir='ltr'><strong>fidelibus</strong></span> <span class='ocrx_word' id='word_1_302' title='bbox 1895 1742 1960 1772; x_wconf 87' lang='lat' dir='ltr'><strong>suis</strong></span> 
     </span>
     <span class='ocr_line' id='line_1_29' title="bbox 300 1793 1959 1835; baseline -0.001 -9"><span class='ocrx_word' id='word_1_303' title='bbox 300 1820 326 1826; x_wconf 90' lang='lat'><strong>..</strong></span> <span class='ocrx_word' id='word_1_304' title='bbox 347 1796 475 1830; x_wconf 69' lang='lat' dir='ltr'><strong>vicario.</strong></span> <span class='ocrx_word' id='word_1_305' title='bbox 501 1796 632 1825; x_wconf 79' lang='lat' dir='ltr'><strong>consilio</strong></span> <span class='ocrx_word' id='word_1_306' title='bbox 651 1799 682 1825; x_wconf 84' lang='lat' dir='ltr'><strong>et</strong></span> <span class='ocrx_word' id='word_1_307' title='bbox 700 1795 860 1825; x_wconf 83' lang='lat' dir='ltr'><strong>communi</strong></span> <span class='ocrx_word' id='word_1_308' title='bbox 887 1798 918 1825; x_wconf 87' lang='lat' dir='ltr'><strong>et</strong></span> <span class='ocrx_word' id='word_1_309' title='bbox 935 1794 1149 1835; x_wconf 77' lang='lat' dir='ltr'><strong>singularibus</strong></span> <span class='ocrx_word' id='word_1_310' title='bbox 1166 1794 1310 1835; x_wconf 83' lang='lat' dir='ltr'><strong>personis</strong></span> <span class='ocrx_word' id='word_1_311' title='bbox 1335 1794 1429 1824; x_wconf 73' lang='lat' dir='ltr'><strong>rastri</strong></span> <span class='ocrx_word' id='word_1_312' title='bbox 1453 1798 1486 1824; x_wconf 90' lang='lat' dir='ltr'><strong>et</strong></span> <span class='ocrx_word' id='word_1_313' title='bbox 1506 1798 1590 1825; x_wconf 89' lang='lat' dir='ltr'><strong>terre</strong></span> <span class='ocrx_word' id='word_1_314' title='bbox 1608 1793 1736 1824; x_wconf 84' lang='lat' dir='ltr'><strong>Soucini</strong></span> <span class='ocrx_word' id='word_1_315' title='bbox 1822 1795 1959 1835; x_wconf 79' lang='lat' dir='ltr'><strong>gratiam</strong></span> 
     </span>
     <span class='ocr_line' id='line_1_30' title="bbox 299 1847 718 1878; baseline -0.005 0"><span class='ocrx_word' id='word_1_316' title='bbox 299 1859 387 1878; x_wconf 79' lang='lat' dir='ltr'><strong>suain</strong></span> <span class='ocrx_word' id='word_1_317' title='bbox 414 1853 445 1878; x_wconf 77' lang='lat' dir='ltr'><strong>et</strong></span> <span class='ocrx_word' id='word_1_318' title='bbox 470 1858 564 1878; x_wconf 87' lang='lat' dir='ltr'><strong>omne</strong></span> <span class='ocrx_word' id='word_1_319' title='bbox 589 1847 718 1877; x_wconf 88' lang='lat' dir='ltr'><strong>bouum.</strong></span> 
     </span>
    </p>

    <p class='ocr_par' dir='ltr' id='par_1_7' title="bbox 299 1897 1962 2602">
     <span class='ocr_line' id='line_1_31' title="bbox 408 1897 1960 1939; baseline -0.001 -9"><span class='ocrx_word' id='word_1_320' title='bbox 408 1899 617 1930; x_wconf 78' lang='lat' dir='ltr'><strong>Nobilitatem</strong></span> <span class='ocrx_word' id='word_1_321' title='bbox 635 1899 772 1939; x_wconf 81' lang='lat' dir='ltr'><strong>generis.</strong></span> <span class='ocrx_word' id='word_1_322' title='bbox 799 1898 1000 1938; x_wconf 69' lang='lat' dir='ltr'><strong>providentie</strong></span> <span class='ocrx_word' id='word_1_323' title='bbox 1019 1898 1133 1929; x_wconf 88' lang='lat' dir='ltr'><strong>merita</strong></span> <span class='ocrx_word' id='word_1_324' title='bbox 1159 1902 1190 1928; x_wconf 89' lang='lat' dir='ltr'><strong>et</strong></span> <span class='ocrx_word' id='word_1_325' title='bbox 1208 1898 1431 1928; x_wconf 86' lang='lat' dir='ltr'><strong>strenuitatem</strong></span> <span class='ocrx_word' id='word_1_326' title='bbox 1457 1897 1571 1928; x_wconf 86' lang='lat' dir='ltr'><strong>nobilis</strong></span> <span class='ocrx_word' id='word_1_327' title='bbox 1592 1898 1648 1928; x_wconf 91' lang='lat' dir='ltr'><strong>viri</strong></span> <span class='ocrx_word' id='word_1_328' title='bbox 1665 1897 1817 1928; x_wconf 80' lang='lat' dir='ltr'><strong>Iohannis</strong></span> <span class='ocrx_word' id='word_1_329' title='bbox 1834 1897 1960 1928; x_wconf 87' lang='lat' dir='ltr'><strong>comitis</strong></span> 
     </span>
     <span class='ocr_line' id='line_1_32' title="bbox 300 1949 1960 1991; baseline 0 -11"><span class='ocrx_word' id='word_1_330' title='bbox 300 1952 338 1981; x_wconf 76' lang='lat' dir='ltr'><strong>de</strong></span> <span class='ocrx_word' id='word_1_331' title='bbox 360 1952 470 1982; x_wconf 74' lang='lat' dir='ltr'><strong>Forest</strong></span> <span class='ocrx_word' id='word_1_332' title='bbox 488 1952 620 1991; x_wconf 84' lang='lat' dir='ltr'><strong>eiusque</strong></span> <span class='ocrx_word' id='word_1_333' title='bbox 639 1950 828 1991; x_wconf 87' lang='lat' dir='ltr'><strong>multiplicia</strong></span> <span class='ocrx_word' id='word_1_334' title='bbox 853 1955 885 1981; x_wconf 86' lang='lat' dir='ltr'><strong>et</strong></span> <span class='ocrx_word' id='word_1_335' title='bbox 901 1954 994 1991; x_wconf 73' lang='lat' dir='ltr'><strong>grata</strong></span> <span class='ocrx_word' id='word_1_336' title='bbox 1011 1951 1151 1981; x_wconf 82' lang='lat' dir='ltr'><strong>servitia.</strong></span> <span class='ocrx_word' id='word_1_337' title='bbox 1178 1960 1240 1990; x_wconf 89' lang='lat' dir='ltr'><strong>quc</strong></span> <span class='ocrx_word' id='word_1_338' title='bbox 1258 1949 1348 1980; x_wconf 88' lang='lat' dir='ltr'><strong>nobis</strong></span> <span class='ocrx_word' id='word_1_339' title='bbox 1365 1951 1396 1980; x_wconf 89' lang='lat' dir='ltr'><strong>in</strong></span> <span class='ocrx_word' id='word_1_340' title='bbox 1413 1949 1506 1980; x_wconf 82' lang='lat' dir='ltr'><strong>Italie</strong></span> <span class='ocrx_word' id='word_1_341' title='bbox 1527 1949 1671 1990; x_wconf 76' lang='lat' dir='ltr'><strong>partibus</strong></span> <span class='ocrx_word' id='word_1_342' title='bbox 1689 1949 1802 1980; x_wconf 87' lang='lat' dir='ltr'><strong>fecisse</strong></span> <span class='ocrx_word' id='word_1_343' title='bbox 1819 1949 1960 1980; x_wconf 79' lang='lat' dir='ltr'><strong>noscitur</strong></span> 
     </span>
     <span class='ocr_line' id='line_1_33' title="bbox 300 2001 1959 2043; baseline -0.001 -10"><span class='ocrx_word' id='word_1_344' title='bbox 300 2011 331 2033; x_wconf 84' lang='lat' dir='ltr'><strong>et</strong></span> <span class='ocrx_word' id='word_1_345' title='bbox 348 2014 419 2033; x_wconf 77' lang='lat' dir='ltr'><strong>euni</strong></span> <span class='ocrx_word' id='word_1_346' title='bbox 441 2004 597 2033; x_wconf 71' lang='lat' dir='ltr'><strong>facturum</strong></span> <span class='ocrx_word' id='word_1_347' title='bbox 617 2004 644 2033; x_wconf 93' lang='lat' dir='ltr'><strong>iu</strong></span> <span class='ocrx_word' id='word_1_348' title='bbox 665 2003 768 2033; x_wconf 89' lang='lat' dir='ltr'><strong>futuro</strong></span> <span class='ocrx_word' id='word_1_349' title='bbox 787 2012 964 2043; x_wconf 68' lang='lat' dir='ltr'><strong>speramus,</strong></span> <span class='ocrx_word' id='word_1_350' title='bbox 991 2001 1231 2032; x_wconf 78' lang='lat' dir='ltr'><strong>considerantes</strong></span> <span class='ocrx_word' id='word_1_351' title='bbox 1254 2005 1387 2041; x_wconf 69' lang='lat' dir='ltr'><strong>attente,</strong></span> <span class='ocrx_word' id='word_1_352' title='bbox 1406 2001 1466 2032; x_wconf 86' lang='lat' dir='ltr'><strong>sibi</strong></span> <span class='ocrx_word' id='word_1_353' title='bbox 1483 2005 1623 2032; x_wconf 84' lang='lat' dir='ltr'><strong>castrum</strong></span> <span class='ocrx_word' id='word_1_354' title='bbox 1647 2004 1679 2031; x_wconf 86' lang='lat' dir='ltr'><strong>et</strong></span> <span class='ocrx_word' id='word_1_355' title='bbox 1696 2006 1815 2032; x_wconf 77' lang='lat' dir='ltr'><strong>terram</strong></span> <span class='ocrx_word' id='word_1_356' title='bbox 1831 2001 1959 2032; x_wconf 85' lang='lat' dir='ltr'><strong>Soncini</strong></span> 
     </span>
     <span class='ocr_line' id='line_1_34' title="bbox 299 2052 1959 2094; baseline 0 -10"><span class='ocrx_word' id='word_1_357' title='bbox 299 2065 369 2084; x_wconf 73' lang='lat' dir='ltr'><strong>eum</strong></span> <span class='ocrx_word' id='word_1_358' title='bbox 396 2055 462 2084; x_wconf 76' lang='lat' dir='ltr'><strong>eius</strong></span> <span class='ocrx_word' id='word_1_359' title='bbox 487 2054 715 2088; x_wconf 66' lang='lat' dir='ltr'><strong>iurisdictione.</strong></span> <span class='ocrx_word' id='word_1_360' title='bbox 742 2053 901 2084; x_wconf 83' lang='lat' dir='ltr'><strong>territorio</strong></span> <span class='ocrx_word' id='word_1_361' title='bbox 923 2057 955 2083; x_wconf 86' lang='lat' dir='ltr'><strong>et</strong></span> <span class='ocrx_word' id='word_1_362' title='bbox 973 2053 1116 2083; x_wconf 88' lang='lat' dir='ltr'><strong>districtu</strong></span> <span class='ocrx_word' id='word_1_363' title='bbox 1141 2057 1217 2093; x_wconf 68' lang='lat' dir='ltr'><strong>perm</strong></span> <span class='ocrx_word' id='word_1_364' title='bbox 1241 2052 1320 2083; x_wconf 83' lang='lat' dir='ltr'><strong>alias</strong></span> <span class='ocrx_word' id='word_1_365' title='bbox 1337 2056 1460 2083; x_wconf 84' lang='lat' dir='ltr'><strong>nostras</strong></span> <span class='ocrx_word' id='word_1_366' title='bbox 1478 2053 1600 2083; x_wconf 83' lang='lat' dir='ltr'><strong>litteras</strong></span> <span class='ocrx_word' id='word_1_367' title='bbox 1623 2053 1672 2083; x_wconf 77' lang='lat' dir='ltr'><strong>iu¹³</strong></span> <span class='ocrx_word' id='word_1_368' title='bbox 1697 2052 1860 2094; x_wconf 86' lang='lat' dir='ltr'><strong>pheodum</strong></span> <span class='ocrx_word' id='word_1_369' title='bbox 1884 2063 1959 2084; x_wconf 84' lang='lat' dir='ltr'><strong>con-</strong></span> 
     </span>
     <span class='ocr_line' id='line_1_35' title="bbox 300 2103 1959 2147; baseline 0 -12"><span class='ocrx_word' id='word_1_370' title='bbox 300 2107 452 2136; x_wconf 69' lang='lat' dir='ltr'><strong>eessiiuus</strong></span> <span class='ocrx_word' id='word_1_371' title='bbox 471 2116 608 2147; x_wconf 83' lang='lat' dir='ltr'><strong>eumque</strong></span> <span class='ocrx_word' id='word_1_372' title='bbox 634 2105 725 2136; x_wconf 76' lang='lat' dir='ltr'><strong>nohis</strong></span> <span class='ocrx_word' id='word_1_373' title='bbox 744 2109 876 2146; x_wconf 83' lang='lat' dir='ltr'><strong>propter</strong></span> <span class='ocrx_word' id='word_1_374' title='bbox 893 2105 952 2135; x_wconf 83' lang='lat' dir='ltr'><strong>hoc</strong></span> <span class='ocrx_word' id='word_1_375' title='bbox 971 2105 1157 2145; x_wconf 81' lang='lat' dir='ltr'><strong>homagium</strong></span> <span class='ocrx_word' id='word_1_376' title='bbox 1176 2109 1207 2135; x_wconf 87' lang='lat' dir='ltr'><strong>et</strong></span> <span class='ocrx_word' id='word_1_377' title='bbox 1225 2104 1332 2135; x_wconf 86' lang='lat' dir='ltr'><strong>debite</strong></span> <span class='ocrx_word' id='word_1_378' title='bbox 1350 2103 1514 2135; x_wconf 84' lang='lat' dir='ltr'><strong>fidelitatis</strong></span> <span class='ocrx_word' id='word_1_379' title='bbox 1531 2105 1745 2135; x_wconf 84' lang='lat' dir='ltr'><strong>iuramentum</strong></span> <span class='ocrx_word' id='word_1_380' title='bbox 1761 2108 1959 2146; x_wconf 78' lang='lat' dir='ltr'><strong>prestantem</strong></span> 
     </span>
     <span class='ocr_line' id='line_1_36' title="bbox 301 2155 1959 2197; baseline -0.001 -9"><span class='ocrx_word' id='word_1_381' title='bbox 301 2158 518 2188; x_wconf 67' lang='lat' dir='ltr'><strong>investivimus</strong></span> <span class='ocrx_word' id='word_1_382' title='bbox 536 2157 574 2188; x_wconf 88' lang='lat' dir='ltr'><strong>de</strong></span> <span class='ocrx_word' id='word_1_383' title='bbox 594 2157 726 2187; x_wconf 79' lang='lat' dir='ltr'><strong>eisdem.</strong></span> <span class='ocrx_word' id='word_1_384' title='bbox 768 2157 927 2192; x_wconf 66' lang='lat' dir='ltr'><strong>Quocirca</strong></span> <span class='ocrx_word' id='word_1_385' title='bbox 945 2156 1091 2187; x_wconf 71' lang='lat' dir='ltr'><strong>fidelitati</strong></span> <span class='ocrx_word' id='word_1_386' title='bbox 1116 2160 1220 2187; x_wconf 84' lang='lat' dir='ltr'><strong>vestre</strong></span> <span class='ocrx_word' id='word_1_387' title='bbox 1242 2157 1438 2196; x_wconf 81' lang='lat' dir='ltr'><strong>presentium</strong></span> <span class='ocrx_word' id='word_1_388' title='bbox 1462 2159 1574 2186; x_wconf 86' lang='lat' dir='ltr'><strong>tenore</strong></span> <span class='ocrx_word' id='word_1_389' title='bbox 1592 2155 1734 2187; x_wconf 79' lang='lat' dir='ltr'><strong>districte</strong></span> <span class='ocrx_word' id='word_1_390' title='bbox 1751 2155 1959 2197; x_wconf 84' lang='lat' dir='ltr'><strong>precipiendo</strong></span> 
     </span>
     <span class='ocr_line' id='line_1_37' title="bbox 301 2207 1960 2250; baseline -0.001 -10"><span class='ocrx_word' id='word_1_391' title='bbox 301 2210 498 2248; x_wconf 70' lang='lat' dir='ltr'><strong>mandamus.</strong></span> <span class='ocrx_word' id='word_1_392' title='bbox 524 2210 672 2250; x_wconf 83' lang='lat' dir='ltr'><strong>quatinus</strong></span> <span class='ocrx_word' id='word_1_393' title='bbox 697 2213 729 2239; x_wconf 86' lang='lat' dir='ltr'><strong>tu</strong></span> <span class='ocrx_word' id='word_1_394' title='bbox 755 2234 760 2239; x_wconf 85' lang='lat'><strong>.</strong></span> <span class='ocrx_word' id='word_1_395' title='bbox 783 2233 788 2239; x_wconf 95' lang='lat'><strong>.</strong></span> <span class='ocrx_word' id='word_1_396' title='bbox 808 2209 926 2239; x_wconf 67' lang='lat' dir='ltr'><strong>vicarie</strong></span> <span class='ocrx_word' id='word_1_397' title='bbox 945 2208 1071 2248; x_wconf 83' lang='lat' dir='ltr'><strong>prefato</strong></span> <span class='ocrx_word' id='word_1_398' title='bbox 1097 2208 1205 2238; x_wconf 70' lang='lat' dir='ltr'><strong>comiti</strong></span> <span class='ocrx_word' id='word_1_399' title='bbox 1231 2207 1349 2238; x_wconf 81' lang='lat' dir='ltr'><strong>cedens</strong></span> <span class='ocrx_word' id='word_1_400' title='bbox 1374 2214 1406 2238; x_wconf 88' lang='lat' dir='ltr'><strong>et</strong></span> <span class='ocrx_word' id='word_1_401' title='bbox 1431 2218 1504 2238; x_wconf 87' lang='lat' dir='ltr'><strong>cum</strong></span> <span class='ocrx_word' id='word_1_402' title='bbox 1529 2207 1579 2239; x_wconf 81' lang='lat' dir='ltr'><strong>vel</strong></span> <span class='ocrx_word' id='word_1_403' title='bbox 1603 2219 1694 2238; x_wconf 87' lang='lat' dir='ltr'><strong>suum</strong></span> <span class='ocrx_word' id='word_1_404' title='bbox 1718 2211 1960 2249; x_wconf 81' lang='lat' dir='ltr'><strong>procuratorem</strong></span> 
     </span>
     <span class='ocr_line' id='line_1_38' title="bbox 302 2259 1962 2302; baseline 0.001 -13"><span class='ocrx_word' id='word_1_405' title='bbox 302 2272 357 2301; x_wconf 83' lang='lat' dir='ltr'><strong>pro</strong></span> <span class='ocrx_word' id='word_1_406' title='bbox 383 2274 420 2291; x_wconf 71' lang='lat' dir='ltr'><strong>oo</strong></span> <span class='ocrx_word' id='word_1_407' title='bbox 447 2262 475 2291; x_wconf 93' lang='lat' dir='ltr'><strong>iu</strong></span> <span class='ocrx_word' id='word_1_408' title='bbox 501 2262 735 2302; x_wconf 73' lang='lat' dir='ltr'><strong>possessionem</strong></span> <span class='ocrx_word' id='word_1_409' title='bbox 762 2261 867 2293; x_wconf 73' lang='lat' dir='ltr'><strong>rastri.</strong></span> <span class='ocrx_word' id='word_1_410' title='bbox 900 2260 1136 2295; x_wconf 78' lang='lat' dir='ltr'><strong>iurisdictionis,</strong></span> <span class='ocrx_word' id='word_1_411' title='bbox 1166 2260 1317 2290; x_wconf 85' lang='lat' dir='ltr'><strong>territorii</strong></span> <span class='ocrx_word' id='word_1_412' title='bbox 1342 2264 1373 2291; x_wconf 85' lang='lat' dir='ltr'><strong>et</strong></span> <span class='ocrx_word' id='word_1_413' title='bbox 1398 2259 1558 2290; x_wconf 82' lang='lat' dir='ltr'><strong>districtus</strong></span> <span class='ocrx_word' id='word_1_414' title='bbox 1581 2259 1798 2301; x_wconf 86' lang='lat' dir='ltr'><strong>predictorum</strong></span> <span class='ocrx_word' id='word_1_415' title='bbox 1822 2259 1962 2290; x_wconf 79' lang='lat' dir='ltr'><strong>auctori—</strong></span> 
     </span>
     <span class='ocr_line' id='line_1_39' title="bbox 301 2310 1962 2353; baseline 0 -11"><span class='ocrx_word' id='word_1_416' title='bbox 301 2319 365 2342; x_wconf 76' lang='lat' dir='ltr'><strong>tate</strong></span> <span class='ocrx_word' id='word_1_417' title='bbox 406 2318 510 2343; x_wconf 80' lang='lat' dir='ltr'><strong>nostra</strong></span> <span class='ocrx_word' id='word_1_418' title='bbox 546 2312 699 2342; x_wconf 76' lang='lat' dir='ltr'><strong>indm-ens</strong></span> <span class='ocrx_word' id='word_1_419' title='bbox 734 2316 765 2342; x_wconf 85' lang='lat' dir='ltr'><strong>et</strong></span> <span class='ocrx_word' id='word_1_420' title='bbox 795 2323 933 2352; x_wconf 84' lang='lat' dir='ltr'><strong>ponens.</strong></span> <span class='ocrx_word' id='word_1_421' title='bbox 969 2311 1028 2341; x_wconf 86' lang='lat' dir='ltr'><strong>sibi</strong></span> <span class='ocrx_word' id='word_1_422' title='bbox 1057 2313 1219 2353; x_wconf 80' lang='lat' dir='ltr'><strong>assignare</strong></span> <span class='ocrx_word' id='word_1_423' title='bbox 1249 2312 1317 2352; x_wconf 87' lang='lat' dir='ltr'><strong>ipsa</strong></span> <span class='ocrx_word' id='word_1_424' title='bbox 1348 2314 1471 2342; x_wconf 86' lang='lat' dir='ltr'><strong>remoto</strong></span> <span class='ocrx_word' id='word_1_425' title='bbox 1501 2311 1671 2342; x_wconf 84' lang='lat' dir='ltr'><strong>cuiuslibet</strong></span> <span class='ocrx_word' id='word_1_426' title='bbox 1702 2310 1899 2342; x_wconf 77' lang='lat' dir='ltr'><strong>difficultatis</strong></span> <span class='ocrx_word' id='word_1_427' title='bbox 1929 2314 1962 2342; x_wconf 83' lang='lat' dir='ltr'><strong>et</strong></span> 
     </span>
     <span class='ocr_line' id='line_1_40' title="bbox 302 2363 1961 2405; baseline 0.001 -13"><span class='ocrx_word' id='word_1_428' title='bbox 302 2364 462 2394; x_wconf 71' lang='lat' dir='ltr'><strong>dilationis</strong></span> <span class='ocrx_word' id='word_1_429' title='bbox 487 2364 653 2394; x_wconf 65' lang='lat' dir='ltr'><strong>obstaculo</strong></span> <span class='ocrx_word' id='word_1_430' title='bbox 685 2375 746 2394; x_wconf 89' lang='lat' dir='ltr'><strong>uon</strong></span> <span class='ocrx_word' id='word_1_431' title='bbox 772 2369 946 2404; x_wconf 76' lang='lat' dir='ltr'><strong>postponas</strong></span> <span class='ocrx_word' id='word_1_432' title='bbox 971 2374 1107 2405; x_wconf 82' lang='lat' dir='ltr'><strong>vosque.</strong></span> <span class='ocrx_word' id='word_1_433' title='bbox 1140 2364 1305 2394; x_wconf 82' lang='lat' dir='ltr'><strong>consilium</strong></span> <span class='ocrx_word' id='word_1_434' title='bbox 1332 2367 1364 2394; x_wconf 89' lang='lat' dir='ltr'><strong>et</strong></span> <span class='ocrx_word' id='word_1_435' title='bbox 1387 2374 1521 2394; x_wconf 85' lang='lat' dir='ltr'><strong>comune</strong></span> <span class='ocrx_word' id='word_1_436' title='bbox 1547 2363 1789 2404; x_wconf 81' lang='lat' dir='ltr'><strong>singularesque</strong></span> <span class='ocrx_word' id='word_1_437' title='bbox 1814 2371 1961 2404; x_wconf 83' lang='lat' dir='ltr'><strong>persone,</strong></span> 
     </span>
     <span class='ocr_line' id='line_1_41' title="bbox 302 2413 1960 2456; baseline 0 -11"><span class='ocrx_word' id='word_1_438' title='bbox 302 2423 452 2456; x_wconf 79' lang='lat' dir='ltr'><strong>tanquam</strong></span> <span class='ocrx_word' id='word_1_439' title='bbox 485 2420 589 2445; x_wconf 76' lang='lat' dir='ltr'><strong>vestro</strong></span> <span class='ocrx_word' id='word_1_440' title='bbox 621 2415 750 2446; x_wconf 86' lang='lat' dir='ltr'><strong>domiuo</strong></span> <span class='ocrx_word' id='word_1_441' title='bbox 782 2415 887 2446; x_wconf 82' lang='lat' dir='ltr'><strong>eidem</strong></span> <span class='ocrx_word' id='word_1_442' title='bbox 918 2416 1025 2445; x_wconf 77' lang='lat' dir='ltr'><strong>comiti</strong></span> <span class='ocrx_word' id='word_1_443' title='bbox 1057 2416 1086 2445; x_wconf 94' lang='lat' dir='ltr'><strong>iu</strong></span> <span class='ocrx_word' id='word_1_444' title='bbox 1115 2415 1263 2446; x_wconf 84' lang='lat' dir='ltr'><strong>omnibus</strong></span> <span class='ocrx_word' id='word_1_445' title='bbox 1292 2415 1454 2445; x_wconf 86' lang='lat' dir='ltr'><strong>humiliter</strong></span> <span class='ocrx_word' id='word_1_446' title='bbox 1486 2415 1626 2456; x_wconf 80' lang='lat' dir='ltr'><strong>pareatis</strong></span> <span class='ocrx_word' id='word_1_447' title='bbox 1651 2415 1744 2456; x_wconf 88' lang='lat' dir='ltr'><strong>eique</strong></span> <span class='ocrx_word' id='word_1_448' title='bbox 1769 2424 1865 2455; x_wconf 88' lang='lat' dir='ltr'><strong>super</strong></span> <span class='ocrx_word' id='word_1_449' title='bbox 1888 2413 1960 2454; x_wconf 88' lang='lat' dir='ltr'><strong>hoc,</strong></span> 
     </span>
     <span class='ocr_line' id='line_1_42' title="bbox 302 2466 1960 2508; baseline 0.001 -13"><span class='ocrx_word' id='word_1_450' title='bbox 302 2468 389 2497; x_wconf 76' lang='lat' dir='ltr'><strong>salvo</strong></span> <span class='ocrx_word' id='word_1_451' title='bbox 421 2479 548 2508; x_wconf 73' lang='lat' dir='ltr'><strong>semper</strong></span> <span class='ocrx_word' id='word_1_452' title='bbox 579 2469 680 2508; x_wconf 81' lang='lat' dir='ltr'><strong>prime</strong></span> <span class='ocrx_word' id='word_1_453' title='bbox 713 2467 877 2498; x_wconf 70' lang='lat' dir='ltr'><strong>fidelitatis</strong></span> <span class='ocrx_word' id='word_1_454' title='bbox 909 2467 1031 2501; x_wconf 77' lang='lat' dir='ltr'><strong>debito.</strong></span> <span class='ocrx_word' id='word_1_455' title='bbox 1065 2468 1093 2497; x_wconf 95' lang='lat' dir='ltr'><strong>in</strong></span> <span class='ocrx_word' id='word_1_456' title='bbox 1123 2478 1185 2508; x_wconf 90' lang='lat' dir='ltr'><strong>quo</strong></span> <span class='ocrx_word' id='word_1_457' title='bbox 1218 2471 1324 2497; x_wconf 74' lang='lat' dir='ltr'><strong>nostre</strong></span> <span class='ocrx_word' id='word_1_458' title='bbox 1355 2467 1515 2497; x_wconf 86' lang='lat' dir='ltr'><strong>maiestati</strong></span> <span class='ocrx_word' id='word_1_459' title='bbox 1548 2466 1715 2506; x_wconf 84' lang='lat' dir='ltr'><strong>tenemini,</strong></span> <span class='ocrx_word' id='word_1_460' title='bbox 1747 2467 1960 2497; x_wconf 81' lang='lat' dir='ltr'><strong>iuramentum</strong></span> 
     </span>
     <span class='ocr_line' id='line_1_43' title="bbox 303 2517 1961 2560; baseline 0.001 -14"><span class='ocrx_word' id='word_1_461' title='bbox 303 2527 444 2559; x_wconf 67' lang='lat' dir='ltr'><strong>prestare</strong></span> <span class='ocrx_word' id='word_1_462' title='bbox 470 2520 595 2550; x_wconf 65' lang='lat' dir='ltr'><strong>vui-ons.</strong></span> <span class='ocrx_word' id='word_1_463' title='bbox 644 2519 795 2560; x_wconf 67' lang='lat' dir='ltr'><strong>Alioquin</strong></span> <span class='ocrx_word' id='word_1_464' title='bbox 820 2520 1010 2552; x_wconf 77' lang='lat' dir='ltr'><strong>sententias.</strong></span> <span class='ocrx_word' id='word_1_465' title='bbox 1042 2530 1141 2560; x_wconf 84' lang='lat' dir='ltr'><strong>penus</strong></span> <span class='ocrx_word' id='word_1_466' title='bbox 1167 2523 1198 2549; x_wconf 87' lang='lat' dir='ltr'><strong>et</strong></span> <span class='ocrx_word' id='word_1_467' title='bbox 1223 2518 1340 2551; x_wconf 80' lang='lat' dir='ltr'><strong>banna.</strong></span> <span class='ocrx_word' id='word_1_468' title='bbox 1372 2529 1432 2559; x_wconf 83' lang='lat' dir='ltr'><strong>que</strong></span> <span class='ocrx_word' id='word_1_469' title='bbox 1463 2522 1494 2549; x_wconf 85' lang='lat' dir='ltr'><strong>et</strong></span> <span class='ocrx_word' id='word_1_470' title='bbox 1518 2529 1597 2559; x_wconf 80' lang='lat' dir='ltr'><strong>quas</strong></span> <span class='ocrx_word' id='word_1_471' title='bbox 1621 2518 1730 2549; x_wconf 86' lang='lat' dir='ltr'><strong>tulerit</strong></span> <span class='ocrx_word' id='word_1_472' title='bbox 1754 2521 1787 2549; x_wconf 84' lang='lat' dir='ltr'><strong>et</strong></span> <span class='ocrx_word' id='word_1_473' title='bbox 1809 2517 1961 2548; x_wconf 85' lang='lat' dir='ltr'><strong>inflixerit</strong></span> 
     </span>
     <span class='ocr_line' id='line_1_44' title="bbox 303 2569 1761 2602; baseline 0 -2"><span class='ocrx_word' id='word_1_474' title='bbox 303 2571 331 2600; x_wconf 91' lang='lat' dir='ltr'><strong>in</strong></span> <span class='ocrx_word' id='word_1_475' title='bbox 358 2571 504 2602; x_wconf 67' lang='lat' dir='ltr'><strong>rebelles.</strong></span> <span class='ocrx_word' id='word_1_476' title='bbox 532 2576 596 2601; x_wconf 79' lang='lat' dir='ltr'><strong>rata</strong></span> <span class='ocrx_word' id='word_1_477' title='bbox 624 2571 813 2602; x_wconf 78' lang='lat' dir='ltr'><strong>habebimus</strong></span> <span class='ocrx_word' id='word_1_478' title='bbox 839 2577 867 2601; x_wconf 85' lang='lat' dir='ltr'><strong>et</strong></span> <span class='ocrx_word' id='word_1_479' title='bbox 896 2572 1048 2602; x_wconf 81' lang='lat' dir='ltr'><strong>faciemus</strong></span> <span class='ocrx_word' id='word_1_480' title='bbox 1073 2576 1182 2601; x_wconf 85' lang='lat' dir='ltr'><strong>actore</strong></span> <span class='ocrx_word' id='word_1_481' title='bbox 1208 2570 1278 2601; x_wconf 88' lang='lat' dir='ltr'><strong>Deo</strong></span> <span class='ocrx_word' id='word_1_482' title='bbox 1304 2570 1566 2601; x_wconf 83' lang='lat' dir='ltr'><strong>irremissibiliter</strong></span> <span class='ocrx_word' id='word_1_483' title='bbox 1589 2569 1761 2600; x_wconf 84' lang='lat' dir='ltr'><strong>observari.</strong></span> 
     </span>
    </p>

    <p class='ocr_par' dir='ltr' id='par_1_8' title="bbox 412 2621 1806 2664">
     <span class='ocr_line' id='line_1_45' title="bbox 412 2621 1806 2664; baseline -0.001 -12"><span class='ocrx_word' id='word_1_484' title='bbox 412 2623 483 2653; x_wconf 74' lang='lat' dir='ltr'><strong>Dat.</strong></span> <span class='ocrx_word' id='word_1_485' title='bbox 503 2623 592 2654; x_wconf 73' lang='lat' dir='ltr'><strong>l‘isis.</strong></span> <span class='ocrx_word' id='word_1_486' title='bbox 620 2623 676 2653; x_wconf 77' lang='lat' dir='ltr'><strong>xl.</strong></span> <span class='ocrx_word' id='word_1_487' title='bbox 696 2623 767 2653; x_wconf 74' lang='lat' dir='ltr'><strong>Kal.</strong></span> <span class='ocrx_word' id='word_1_488' title='bbox 785 2623 921 2664; x_wconf 74' lang='lat' dir='ltr'><strong>Aprilis.</strong></span> <span class='ocrx_word' id='word_1_489' title='bbox 951 2624 1040 2663; x_wconf 80' lang='lat' dir='ltr'><strong>regui</strong></span> <span class='ocrx_word' id='word_1_490' title='bbox 1066 2623 1162 2653; x_wconf 82' lang='lat' dir='ltr'><strong>nostri</strong></span> <span class='ocrx_word' id='word_1_491' title='bbox 1187 2633 1269 2653; x_wconf 83' lang='lat' dir='ltr'><strong>auno</strong></span> <span class='ocrx_word' id='word_1_492' title='bbox 1296 2623 1420 2663; x_wconf 66' lang='lat' dir='ltr'><strong>quinto,</strong></span> <span class='ocrx_word' id='word_1_493' title='bbox 1446 2622 1571 2663; x_wconf 90' lang='lat' dir='ltr'><strong>imperii</strong></span> <span class='ocrx_word' id='word_1_494' title='bbox 1596 2632 1670 2652; x_wconf 88' lang='lat' dir='ltr'><strong>vero</strong></span> <span class='ocrx_word' id='word_1_495' title='bbox 1695 2621 1806 2662; x_wconf 90' lang='lat' dir='ltr'><strong>primo.</strong></span> 
     </span>
    </p>
   </div>
   <div class='ocr_carea' id='block_1_6' title="bbox 410 2759 1445 2792">
    <p class='ocr_par' dir='ltr' id='par_1_9' title="bbox 410 2759 1445 2792">
     <span class='ocr_line' id='line_1_46' title="bbox 410 2759 1445 2792; baseline 0.001 -9"><span class='ocrx_word' id='word_1_496' title='bbox 410 2759 487 2784; x_wconf 69' lang='lat'><strong>1312.</strong></span> <span class='ocrx_word' id='word_1_497' title='bbox 517 2760 538 2785; x_wconf 58' lang='lat' dir='ltr'><strong>tq</strong></span> <span class='ocrx_word' id='word_1_498' title='bbox 558 2770 570 2783; x_wconf 74' lang='lat' dir='ltr'><strong>e</strong></span> <span class='ocrx_word' id='word_1_499' title='bbox 590 2770 656 2785; x_wconf 57' lang='lat' dir='ltr'><strong>corr.</strong></span> <span class='ocrx_word' id='word_1_500' title='bbox 676 2770 705 2785; x_wconf 70' lang='lat' dir='ltr'><strong>cz·</strong></span> <span class='ocrx_word' id='word_1_501' title='bbox 724 2772 737 2783; x_wconf 80' lang='lat' dir='ltr'><strong>o</strong></span> <span class='ocrx_word' id='word_1_502' title='bbox 757 2770 794 2784; x_wconf 74' lang='lat' dir='ltr'><strong>or.</strong></span> <span class='ocrx_word' id='word_1_503' title='bbox 884 2760 905 2791; x_wconf 41' lang='lat' dir='ltr'><strong>‘Ji</strong></span> <span class='ocrx_word' id='word_1_504' title='bbox 926 2761 1010 2785; x_wconf 81' lang='lat' dir='ltr'><strong>oueiui</strong></span> <span class='ocrx_word' id='word_1_505' title='bbox 1032 2762 1057 2784; x_wconf 82' lang='lat' dir='ltr'><strong>in</strong></span> <span class='ocrx_word' id='word_1_506' title='bbox 1078 2761 1132 2785; x_wconf 85' lang='lat' dir='ltr'><strong>loco</strong></span> <span class='ocrx_word' id='word_1_507' title='bbox 1153 2769 1212 2784; x_wconf 75' lang='lat' dir='ltr'><strong>raso</strong></span> <span class='ocrx_word' id='word_1_508' title='bbox 1232 2770 1284 2785; x_wconf 60' lang='lat'><strong>072:</strong></span> <span class='ocrx_word' id='word_1_509' title='bbox 1303 2761 1336 2791; x_wconf 79' lang='lat' dir='ltr'><strong>cf.</strong></span> <span class='ocrx_word' id='word_1_510' title='bbox 1357 2769 1445 2792; x_wconf 65' lang='lat' dir='ltr'><strong>supra.</strong></span> 
     </span>
    </p>
   </div>
   <div class='ocr_carea' id='block_1_7' title="bbox 411 2810 1660 2843">
    <p class='ocr_par' dir='ltr' id='par_1_10' title="bbox 411 2810 1660 2843">
     <span class='ocr_line' id='line_1_47' title="bbox 411 2810 1660 2843; baseline 0.001 -9"><span class='ocrx_word' id='word_1_511' title='bbox 411 2810 489 2835; x_wconf 69' lang='lat'><strong>1:313.</strong></span> <span class='ocrx_word' id='word_1_512' title='bbox 519 2816 539 2833; x_wconf 69' lang='lat' dir='ltr'><strong>“i</strong></span> <span class='ocrx_word' id='word_1_513' title='bbox 562 2821 603 2843; x_wconf 72' lang='lat' dir='ltr'><strong>per</strong></span> <span class='ocrx_word' id='word_1_514' title='bbox 618 2826 642 2828; x_wconf 97' lang='lat'><strong>—</strong></span> <span class='ocrx_word' id='word_1_515' title='bbox 659 2813 681 2835; x_wconf 89' lang='lat' dir='ltr'><strong>in</strong></span> <span class='ocrx_word' id='word_1_516' title='bbox 704 2813 726 2835; x_wconf 80' lang='lat' dir='ltr'><strong>in</strong></span> <span class='ocrx_word' id='word_1_517' title='bbox 750 2814 801 2835; x_wconf 62' lang='lat' dir='ltr'><strong>stom</strong></span> <span class='ocrx_word' id='word_1_518' title='bbox 825 2822 883 2837; x_wconf 74' lang='lat' dir='ltr'><strong>raso</strong></span> <span class='ocrx_word' id='word_1_519' title='bbox 904 2814 957 2836; x_wconf 66' lang='lat' dir='ltr'><strong>alia</strong></span> <span class='ocrx_word' id='word_1_520' title='bbox 979 2822 1054 2837; x_wconf 77' lang='lat' dir='ltr'><strong>niuno</strong></span> <span class='ocrx_word' id='word_1_521' title='bbox 1076 2817 1171 2837; x_wconf 75' lang='lat' dir='ltr'><strong>mutato</strong></span> <span class='ocrx_word' id='word_1_522' title='bbox 1191 2817 1333 2836; x_wconf 74' lang='lat' dir='ltr'><strong>atramento</strong></span> <span class='ocrx_word' id='word_1_523' title='bbox 1353 2813 1487 2843; x_wconf 72' lang='lat' dir='ltr'><strong>anqustius</strong></span> <span class='ocrx_word' id='word_1_524' title='bbox 1506 2811 1601 2843; x_wconf 76' lang='lat' dir='ltr'><strong>scripta</strong></span> <span class='ocrx_word' id='word_1_525' title='bbox 1622 2820 1660 2835; x_wconf 87' lang='lat' dir='ltr'><strong>or.</strong></span> 
     </span>
    </p>
   </div>
   <div class='ocr_carea' id='block_1_8' title="bbox 1978 742 2001 761">
    <p class='ocr_par' dir='ltr' id='par_1_11' title="bbox 1978 742 2001 761">
     <span class='ocr_line' id='line_1_48' title="bbox 1978 742 2001 761; baseline 0 0"><span class='ocrx_word' id='word_1_526' title='bbox 1978 742 2001 761; x_wconf 79' lang='lat'><strong>10</strong></span> 
     </span>
    </p>
   </div>
   <div class='ocr_carea' id='block_1_9' title="bbox 1977 1005 2000 1023">
    <p class='ocr_par' dir='ltr' id='par_1_12' title="bbox 1977 1005 2000 1023">
     <span class='ocr_line' id='line_1_49' title="bbox 1977 1005 2000 1023; baseline -0.043 0"><span class='ocrx_word' id='word_1_527' title='bbox 1977 1005 2000 1023; x_wconf 74' lang='lat'><strong>15</strong></span> 
     </span>
    </p>
   </div>
   <div class='ocr_carea' id='block_1_10' title="bbox 1977 1263 2002 1281">
    <p class='ocr_par' dir='ltr' id='par_1_13' title="bbox 1977 1263 2002 1281">
     <span class='ocr_line' id='line_1_50' title="bbox 1977 1263 2002 1281; baseline 0 0"><span class='ocrx_word' id='word_1_528' title='bbox 1977 1263 2002 1281; x_wconf 72' lang='lat'><strong>20</strong></span> 
     </span>
    </p>
   </div>
   <div class='ocr_carea' id='block_1_11' title="bbox 1977 1623 2002 1642">
    <p class='ocr_par' dir='ltr' id='par_1_14' title="bbox 1977 1623 2002 1642">
     <span class='ocr_line' id='line_1_51' title="bbox 1977 1623 2002 1642; baseline -0.04 0"><span class='ocrx_word' id='word_1_529' title='bbox 1977 1623 2002 1642; x_wconf 75' lang='lat'><strong>25</strong></span> 
     </span>
    </p>
   </div>
   <div class='ocr_carea' id='block_1_12' title="bbox 1979 1912 2003 1930">
    <p class='ocr_par' dir='ltr' id='par_1_15' title="bbox 1979 1912 2003 1930">
     <span class='ocr_line' id='line_1_52' title="bbox 1979 1912 2003 1930; baseline 0 0"><span class='ocrx_word' id='word_1_530' title='bbox 1979 1912 2003 1930; x_wconf 77' lang='lat'><strong>80</strong></span> 
     </span>
    </p>
   </div>
   <div class='ocr_carea' id='block_1_13' title="bbox 1979 2168 2002 2187">
    <p class='ocr_par' dir='ltr' id='par_1_16' title="bbox 1979 2168 2002 2187">
     <span class='ocr_line' id='line_1_53' title="bbox 1979 2168 2002 2187; baseline 0 0"><span class='ocrx_word' id='word_1_531' title='bbox 1979 2168 2002 2187; x_wconf 72' lang='lat'><strong>³5</strong></span> 
     </span>
    </p>
   </div>
   <div class='ocr_carea' id='block_1_14' title="bbox 1978 2428 2005 2447">
    <p class='ocr_par' dir='ltr' id='par_1_17' title="bbox 1978 2428 2005 2447">
     <span class='ocr_line' id='line_1_54' title="bbox 1978 2428 2005 2447; baseline -0.037 0"><span class='ocrx_word' id='word_1_532' title='bbox 1978 2428 2005 2447; x_wconf 73' lang='lat'><strong>⁴0</strong></span> 
     </span>
    </p>
   </div>
   <div class='ocr_carea' id='block_1_15' title="bbox 1977 2764 2002 2784">
    <p class='ocr_par' dir='ltr' id='par_1_18' title="bbox 1977 2764 2002 2784">
     <span class='ocr_line' id='line_1_55' title="bbox 1977 2764 2002 2784; baseline -0.04 0"><span class='ocrx_word' id='word_1_533' title='bbox 1977 2764 2002 2784; x_wconf 73' lang='lat'><strong>45</strong></span> 
     </span>
    </p>
   </div>
  </div>
 </body>
</html>
