2102 3177
67 767 90 785 10

66 1026 88 1044 15

65 1282 89 1302 ²0

65 1544 89 1564 ²⁵

64 1802 88 1821 ³0

65 2061 87 2080 ³³

65 2575 89 2595 45

508 200 672 227 HEINRICI
694 201 752 227 Vll.
774 202 1098 230 (JONSTITUTIONES.
1139 205 1212 231 1313.
1250 205 1368 232 >11:921
1705 214 1766 239 95)st

110 298 220 328 regum
246 290 278 317 et
302 288 532 327 imperatorum
558 291 590 317 et
615 289 861 318 conventionum
887 289 1034 319 initarum
1060 291 1144 320 inter
1174 302 1309 322 comune
1335 292 1433 323 Ianue
1466 304 1505 325 cx
1532 306 1593 325 una
1619 306 1708 336 parte
1735 303 1767 326 ct.

110 339 253 369 civitates
278 349 334 369 seu
359 339 430 369 loca
454 339 644 379 riperiarum
664 339 761 369 Ianne
787 350 845 369 seu
870 351 978 370 earum
996 342 1221 373 universitates
1246 354 1284 373 ex
1308 344 1424 381 altera,
1450 357 1511 386 que
1539 349 1766 378 conventiones

110 400 167 431 per
190 390 293 431 ipsum
318 390 481 420 dominum
507 391 736 430 imperatorem
762 391 997 422 confirmentur.
1089 393 1151 423 Etd
1175 395 1218 424 sic
1243 395 1298 425 fiat
1322 396 1406 436 quod
1425 396 1571 427 dominus
1593 399 1766 439 imperator

109 442 298 472 confiteatur
314 442 513 482 peccuniam,
531 452 592 482 que.
611 445 783 482 propterca
800 442 928 472 dabitur
946 444 984 477 ci,
1009 444 1159 475 habuisse
1185 450 1217 476 ct
1234 448 1393 487 recepisse
1412 459 1468 488 pro
1487 449 1623 479 utilitate
1642 452 1765 490 imperii

110 497 142 524 et
165 504 222 534 pro
247 494 440 524 necessitate
466 504 582 533 magna
606 493 705 533 ipsius
730 504 787 534 pro
813 495 1041 534 recuperandis
1071 497 1163 526 terris
1194 498 1320 538 imperii
1354 502 1385 529 ct
1410 499 1621 531 abrenunciet
1646 502 1766 532 iuribus

108 555 170 587 que
194 545 277 575 circa
302 545 361 575 hec
386 544 605 575 renuneianda
629 548 730 574 crunt.

215 596 256 627 II.
290 596 372 627 Item
398 596 548 636 dignetur
572 597 641 636 ipsa
665 597 873 636 imperatoria
897 598 1048 627 maiestas
1073 600 1199 629 comuni
1224 600 1322 631 lanne
1349 602 1537 632 confirmare
1569 607 1600 633 ct
1624 604 1665 634 ad
1690 614 1765 634 cau-

110 649 207 680 telam
233 649 272 679 de
297 649 406 689 gracia
430 648 582 678 innovare
607 647 776 688 privilegia
801 652 833 678 et
857 650 1084 679 conventiones
1117 651 1175 690 ipsi
1201 653 1328 682 comuni
1353 663 1505 683 concessa
1539 658 1571 685 et
1599 666 1766 686 ‹mucessas

108 701 148 732 ab
172 701 243 731 aliis
267 699 397 741 regibus
422 704 453 729 et
477 698 726 739 imperatoribus
750 699 981 737 Romanorum,
1007 703 1152 741 exceptis
1176 704 1317 733 articulis
1342 705 1394 744 qui
1421 705 1541 736 faciunt
1566 708 1765 737 memfioncm

108 753 148 784 de
167 753 259 783 factis
276 752 395 789 Sicilie,
420 753 474 792 qui
491 752 661 782 necessarii
680 763 741 782 11011
760 752 917 786 videntur,
937 756 967 783 et
985 753 1133 785 addendo
1153 755 1303 795 dignetur
1320 757 1348 786 in
1368 758 1608 788 confirmatione
1626 759 1764 799 ipsorum

108 804 348 846 privilegiorum
373 803 494 834 addere
520 803 574 834 ubi
592 803 707 834 dicitur
732 808 760 834 ‘a
777 803 1007 835 Portuveneris
1031 816 1132 846 usque
1149 806 1364 845 Monam-huns,
1390 809 1475 849 quod
1494 809 1617 840 dicatur
1642 816 1667 840 *a
1695 810 1765 841 fuce

108 857 216 888 Macre
240 866 343 897 usque
367 855 561 886 Monachum
587 855 760 886 inclusive'.

215 908 275 938 III.
300 908 383 938 Item
409 907 558 948 dignetur
582 907 772 947 concedere,
797 907 882 948 quod
908 909 937 938 111
962 909 1144 948 cognitione
1171 914 1203 940 et
1227 910 1416 941 diffinitione
1434 922 1600 942 causarum
1627 913 1764 943 civilium

109 963 141 991 et
157 959 443 1001 peccuniariarum,
461 969 523 999 que
541 962 614 989 sunt
631 962 663 989 et
681 963 774 989 erunt
791 960 822 989 in
840 960 967 990 civitate
988 961 1086 991 Ianne
1105 965 1136 991 ct
1154 961 1308 998 districtu,
1334 967 1365 993 ct
1390 963 1419 993 111
1438 964 1679 1004 quibuscunque
1696 964 1766 995 aliis

107 1012 249 1053 negociis
274 1011 416 1042 comunis
440 1021 497 1041 seu
526 1011 737 1051 singularium
769 1022 994 1051 personarum.
1028 1014 1172 1053 exceptis
1200 1015 1304 1043 causis
1328 1015 1559 1046 erimimilibus.
1590 1020 1709 1046 statuta
1734 1023 1766 1045 et

109 1063 355 1094 consuetudines
379 1063 479 1093 Ianue
505 1062 647 1093 debeant
671 1063 835 1093 observari
861 1066 893 1093 et
917 1063 1002 1104 quod
1035 1074 1094 1093 non
1128 1066 1227 1104 possit
1251 1065 1407 1105 appellari
1433 1072 1509 1097 nece
1534 1068 1706 1108 supplicari
1736 1069 1764 1098 in

108 1115 252 1146 civilibus
276 1125 333 1145 seu
357 1114 575 1145 criminalibus
599 1115 657 1144 nisi
682 1114 857 1145 secundum
884 1115 1018 1145 formam
1044 1119 1234 1147 statuttjmim
1263 1117 1369 1147 lanne.

214 1167 290 1197 IIII.
320 1166 404 1197 Item
432 1165 582 1207 dignetur
606 1166 784 1197 concedere
810 1177 868 1207 per
891 1167 1093 1207 privilegium
1126 1167 1210 1197 dicto
1241 1169 1386 1201 comuni,
1419 1169 1503 1209 qnod
1535 1170 1638 1200 nullus
1668 1172 1765 1210 possit

108 1229 261 1250 exercere
285 1218 414 1259 publice
438 1218 489 1249 vel
514 1219 662 1258 privatim
687 1219 717 1248 in
743 1219 871 1249 civitate
896 1219 996 1249 lanne
1014 1219 1064 1249 vel
1090 1219 1267 1249 suburbiiss
1290 1220 1428 1250 officium
1448 1222 1570 1251 notarie
1596 1222 1652 1251 nisi
1671 1222 1765 1251 fuerit

108 1274 254 1311 receptus
279 1274 312 1301 et
335 1271 470 1311 scriptus
495 1270 526 1300 in
550 1270 719 1300 matricula
743 1271 939 1301 notariorum
973 1270 1056 1300 dicte
1089 1271 1244 1307 civitatis,
1276 1272 1477 1302 examinatus
1509 1277 1540 1303 et
1569 1273 1765 1313 approbatus

107 1321 281 1353 secundum
306 1322 441 1352 formam
466 1321 679 1362 capitulorum
705 1329 737 1352 et
762 1322 1027 1352 consuetudinem
1061 1322 1144 1353 dicte
1175 1324 1327 1359 civitatis,
1360 1324 1467 1364 aliquo
1497 1325 1650 1365 rescripto
1680 1325 1764 1355 facto

107 1374 158 1405 vel
182 1373 328 1405 faciendo
353 1384 415 1404 non
440 1373 598 1404 obstante.

213 1426 252 1456 V.
278 1426 361 1457 Item
386 1425 536 1466 dignetur
561 1425 667 1456 eidem
693 1427 819 1462 comuni
837 1426 1027 1461 concedere,
1052 1427 1139 1467 quod
1157 1427 1276 1457 dictum
1302 1438 1437 1457 comune
1463 1438 1520 1468 per
1544 1439 1577 1456 se
1603 1432 1764 1468 0141110111-

107 1478 185 1509 libet
208 1488 378 1519 personam
404 1488 461 1518 pro
486 1478 554 1518 ipso
580 1478 707 1508 comuni
732 1478 832 1518 possit
857 1489 965 1509 emere
991 1482 1023 1509 et
1047 1489 1237 1519 quocunque
1270 1479 1332 1508 alio
1362 1481 1444 1510 iusto
1477 1479 1568 1509 titulo
1599 1480 1764 1519 acquirere

108 1540 313 1571 quascunque
339 1534 440 1561 terras
465 1532 497 1559 et
521 1529 738 1560 iurisditioncs
763 1534 795 1560 et
820 1541 1010 1571 quecunque
1041 1530 1111 1561 loca
1144 1534 1176 1561 ct
1208 1532 1356 1571 oniagiass‘
1381 1541 1643 1571 quorumcumpic
1669 1534 1765 1571 atquc

106 1581 278 1612 fidelitates
303 1584 335 1612 et
358 1582 437 1620 iura,
461 1582 528 1612 sive
553 1581 615 1611 sint
639 1581 784 1612 feudales
802 1581 853 1612 vel
877 1582 1019 1612 feudalia
1044 1586 1075 1613 ct
1100 1582 1140 1613 dc
1165 1583 1262 1613 feudo
1288 1583 1413 1623 imperii
1431 1583 1497 1613 sive
1523 1593 1593 1619 non,
1619 1593 1680 1623 que
1705 1583 1766 1612 sint

105 1644 206 1675 prope
230 1643 318 1664 mare
348 1644 407 1674 per
430 1633 567 1664 miliaria
597 1633 827 1674 (piadragiuta,
857 1633 929 1674 lege
960 1634 1011 1664 vcl
1041 1634 1271 1664 consuetudine
1305 1635 1413 1675 aliqua
1442 1646 1503 1665 non
1536 1634 1683 1664 obstante
1716 1634 1764 1663 vcl

107 1685 213 1726 aliquo
238 1685 408 1726 privilegio
438 1685 489 1715 vel
517 1685 672 1725 rescripto
703 1696 854 1715 concesso
886 1686 935 1716 vel
966 1685 1174 1716 concedendo
1207 1690 1239 1716 et
1272 1687 1458 1726 specialiter
1492 1697 1553 1716 nou
1589 1686 1763 1724 obsuantvi

106 1736 189 1778 lege,
213 1740 332 1768 statuto
357 1736 408 1767 vel
432 1736 678 1775 consuetudine,
705 1747 767 1777 quo
792 1737 843 1767 vel
869 1748 932 1777 qua
956 1747 1006 1767 res
1032 1737 1179 1768 feudales¹
1203 1738 1336 1768 alienari
1363 1737 1581 1778 prohibentur.
1628 1737 1669 1768 Et
1693 1748 1763 1778 prc-

107 1788 192 1819 dicta
215 1788 433 1820 concedantur
457 1788 545 1818 salva
569 1798 698 1828 semper
721 1788 878 1819 fidelitate
905 1789 1073 1829 imperiali.

212 1840 269 1871 VI.
295 1840 378 1871 Item
403 1840 554 1881 dignetur
576 1840 756 1871 concedere
781 1841 841 1881 ipsi
866 1841 1009 1879 comuni„
1041 1840 1127 1881 quod
1161 1841 1260 1880 possit
1288 1851 1405 1881 capere
1438 1845 1469 1871 et
1495 1841 1606 1881 punire
1637 1844 1669 1870 et
1693 1842 1762 1880 capi

107 1896 138 1924 et
161 1893 264 1934 puniri
287 1893 396 1923 facere
426 1902 484 1933 per
514 1892 669 1923 officiales
700 1896 732 1922 et
762 1893 968 1933 magistratus
999 1903 1071 1922 suos
1101 1903 1212 1922 omncs
1241 1893 1381 1923 cursales
1411 1896 1442 1922 et
1477 1892 1708 1932 depredatores
1733 1899 1763 1920 ct

106 1944 278 1975 sediciosos
301 1944 485 1975 habitantes
509 1954 527 1974 a
552 1944 688 1974 Monaco
721 1954 822 1985 usque
851 1944 892 1974 ad
921 1944 1039 1974 flumen
1064 1943 1187 1977 Mac-re,
1220 1944 1273 1984 qui
1305 1944 1386 1973 infra
1417 1943 1518 1973 dictos
1551 1944 1689 1974 confines
1715 1943 1764 1971 vel

106 1996 181 2027 alibi
208 1996 389 2037 ubicunque
414 1996 634 2026 commiserint
657 1996 842 2029 cursariam,
870 1996 1014 2036 rapinam
1040 2006 1096 2026 seu
1121 1995 1327 2028 sedicionem,
1354 1999 1385 2025 et
1410 1996 1512 2025 eciam
1537 2005 1647 2025 omnes
1671 1994 1762 2024 habi-

107 2051 210 2079 tantes
239 2052 330 2079 extra
355 2047 456 2078 dictos
480 2048 634 2087 confines,
665 2048 718 2088 qui
742 2048 824 2078 infra
849 2047 952 2078 dictos
976 2048 1116 2077 contines
1141 2048 1359 2078 commiserint
1389 2047 1533 2087 predicta
1558 2047 1608 2076 vel
1633 2045 1762 2086 aliquod

108 2100 324 2140 predictorum
350 2100 399 2130 vel
424 2099 505 2130 infra
530 2100 615 2140 ipsos
640 2100 781 2130 confines
805 2103 1058 2140 receptarentur,
1086 2103 1117 2129 et
1142 2103 1361 2139 receptatores
1379 2099 1519 2138 ipsorum
1545 2102 1576 2127 et
1594 2096 1763 2126 cuiuslibet

108 2162 226 2182 eorum.
274 2151 315 2182 Et
339 2151 426 2192 quod
451 2152 475 2181 si
501 2151 608 2192 aliqua
640 2151 800 2181 discordia
829 2162 885 2181 scu
918 2162 1034 2191 guerra
1066 2156 1247 2191 emergeret
1279 2151 1359 2180 inter
1389 2150 1513 2189 aliquas
1544 2148 1688 2178 civitates
1714 2147 1762 2177 vel

107 2203 177 2234 loca
201 2204 266 2234 sive
290 2204 374 2234 inter
397 2203 542 2234 homines
567 2204 700 2234 alicuius
726 2204 867 2244 ipsorum
892 2204 1056 2233 civitatum
1082 2203 1131 2233 vel
1156 2203 1299 2232 locorum
1326 2202 1440 2241 ripcric
1463 2201 1558 2230 lanne
1585 2199 1662 2228 infra
1691 2210 1761 2238 pre-

108 2254 208 2285 dictos
235 2255 389 2291 confines,
421 2265 556 2285 comune
590 2255 687 2285 lanne
719 2255 819 2295 possit
847 2255 932 2295 ipsos
963 2254 1185 2284 universaliter
1214 2257 1245 2283 ct
1275 2253 1478 2292 singulariter
1508 2251 1691 2290 conpellere.
1721 2250 1762 2279 :id

109 2306 325 2337 desistendum
351 2311 383 2337 et
406 2306 623 2337 recedendum
650 2306 690 2337 ab
724 2307 799 2347 ipsis
826 2307 950 2347 guerris
982 2311 1015 2336 et
1044 2305 1210 2335 discordiis
1241 2309 1273 2335 et
1303 2305 1387 2344 ipsos
1416 2303 1455 2333 :nl
1489 2312 1601 2342 pacem
1631 2306 1662 2331 ct
1686 2312 1761 2330 eon-

108 2358 249 2389 cordiam
272 2358 460 2389 redducere.

214 2410 288 2440 VII.
314 2411 395 2441 Item
421 2410 572 2450 dignetur
597 2409 775 2440 concedere
800 2410 859 2450 ipsi
884 2410 1021 2445 comuni.v
1047 2409 1131 2449 qnod
1158 2409 1260 2448 ipsum
1279 2417 1412 2436 cornuue
1439 2410 1469 2435 ct
1487 2405 1664 2443 singulares
1689 2414 1759 2444 per-

109 2472 184 2493 sone
215 2462 313 2503 ipsius
345 2462 489 2492 comunis
518 2462 639 2502 possint
668 2461 713 2491 uti
746 2461 929 2501 represaliis
959 2471 1014 2491 scu
1044 2460 1193 2490 laudibus
1224 2458 1470 2499 represalinrum
1502 2456 1660 2485 concessis
1689 2455 1760 2484 binc

108 2517 192 2544 retro
216 2524 274 2555 per
297 2515 401 2554 ipsum
420 2523 555 2544 comune
580 2524 637 2543 seu
655 2513 810 2543 officiales
826 2513 924 2553 ipsius
949 2518 980 2543 et
998 2513 1093 2542 ctiam
1120 2511 1203 2551 qnod
1222 2511 1323 2550 ipsum
1342 2518 1476 2539 comune.
1495 2507 1610 2537 abhinc
1634 2507 1759 2535 inantea

109 2565 208 2605 possit
223 2565 336 2596 laudes
352 2566 600 2606 represaliarum
619 2564 797 2595 concedere
815 2564 988 2595 secundum
1009 2564 1142 2593 formam
1162 2562 1373 2602 capitulorum
1395 2561 1502 2598 Ianne,
1527 2570 1588 2588 non
1607 2557 1760 2588 obstanti-

108 2614 166 2646 bus
189 2616 349 2657 aliquibus
373 2616 549 2657 privile-giis
574 2616 622 2646 vel
654 2616 816 2656 rescriptis
847 2615 918 2645 bine
949 2619 1033 2644 retro
1060 2614 1218 2643 concessis
1243 2613 1291 2641 vel
1322 2612 1360 2641 de
1395 2610 1522 2641 cetero¹¹
1548 2609 1761 2639 concedendis

108 2666 201 2698 alicui
228 2668 376 2709 collegio,
401 2668 526 2709 corpori
551 2667 601 2697 vcl
627 2667 826 2697 universitati
851 2666 902 2696 vel
927 2666 1077 2705 singulari
1104 2670 1263 2705 pei-sonc¹.

210 2778 275 2805 9⁸25.
295 2779 320 2811 d)
340 2789 406 2805 ‘nova
427 2781 494 2805 linea
514 2781 540 2804 in
560 2781 584 2804 J.
665 2785 687 2807 θ’)
708 2789 784 2811 super
804 2779 832 2804 111
852 2781 923 2804 delet.
943 2780 967 2804 J.
1048 2779 1067 2802 Γ,
1088 2778 1235 2801 snbburbiis
1256 2777 1279 2801 ,1,
1360 2778 1383 2803 ἓ)
1403 2776 1520 2805 cluna-gia
1539 2775 1564 2799 ,1.
1638 2773 1661 2801 ¹¹)
1682 2782 1760 2804 snpra

110 2821 203 2846 lineam
222 2823 283 2847 add.
304 2823 328 2847 ,7.
418 2823 436 2855 i)
458 2824 484 2847 in
504 2832 568 2847 nova
587 2824 685 2854 pagina.
704 2823 817 2854 seqnitur
836 2823 943 2854 spatium
965 2822 1131 2852 collapsurium
1154 2821 1278 2843 linearum
1302 2827 1406 2843 vacuum
1428 2819 1541 2842 relictum
1560 2817 1584 2841 J.
