<?xml version="1.0" encoding="UTF-8"?>
<!DOCTYPE html PUBLIC "-//W3C//DTD XHTML 1.0 Transitional//EN"
    "http://www.w3.org/TR/xhtml1/DTD/xhtml1-transitional.dtd">
<html xmlns="http://www.w3.org/1999/xhtml" xml:lang="en" lang="en">
 <head>
  <title>
</title>
<meta http-equiv="Content-Type" content="text/html;charset=utf-8" />
  <meta name='ocr-system' content='tesseract 3.04.00' />
  <meta name='ocr-capabilities' content='ocr_page ocr_carea ocr_par ocr_line ocrx_word'/>
</head>
<body>
  <div class='ocr_page' id='page_1' title='image "./monumentagermani0402geseuoft_0342.png"; bbox 0 0 2127 3187; ppageno 0'>
   <div class='ocr_carea' id='block_1_1' title="bbox 339 185 1589 223">
    <p class='ocr_par' dir='ltr' id='par_1_1' title="bbox 339 185 1589 223">
     <span class='ocr_line' id='line_1_1' title="bbox 339 185 1589 223; baseline 0 -10"><span class='ocrx_word' id='word_1_1' title='bbox 339 194 416 223; x_wconf 58' lang='grc' dir='ltr'>Ἡρη</span> <span class='ocrx_word' id='word_1_2' title='bbox 733 187 894 214; x_wconf 69' lang='lat' dir='ltr'>HfflNRlcl</span> <span class='ocrx_word' id='word_1_3' title='bbox 918 187 975 212; x_wconf 63' lang='lat' dir='ltr'>Vll.</span> <span class='ocrx_word' id='word_1_4' title='bbox 997 185 1319 213; x_wconf 64' lang='lat' dir='ltr'>eONSTITUTIONES.</span> <span class='ocrx_word' id='word_1_5' title='bbox 1358 186 1431 213; x_wconf 79' lang='lat'>1313.</span> <span class='ocrx_word' id='word_1_6' title='bbox 1469 186 1516 212; x_wconf 70' lang='grc' dir='ltr'>ΝΥ.</span> <span class='ocrx_word' id='word_1_7' title='bbox 1531 187 1589 214; x_wconf 72' lang='grc'>952.</span> 
     </span>
    </p>
   </div>
   <div class='ocr_carea' id='block_1_2' title="bbox 372 271 1996 2788">
    <p class='ocr_par' dir='ltr' id='par_1_2' title="bbox 376 271 1988 421">
     <span class='ocr_line' id='line_1_2' title="bbox 376 271 1987 316; baseline -0.001 -9"><span class='ocrx_word' id='word_1_8' title='bbox 376 277 488 307; x_wconf 80' lang='lat' dir='ltr'>l’aduc</span> <span class='ocrx_word' id='word_1_9' title='bbox 520 279 629 316; x_wconf 88' lang='lat' dir='ltr'>utpote</span> <span class='ocrx_word' id='word_1_10' title='bbox 654 275 832 305; x_wconf 84' lang='lat' dir='ltr'>maiestatis</span> <span class='ocrx_word' id='word_1_11' title='bbox 858 274 987 303; x_wconf 87' lang='lat' dir='ltr'>crimine</span> <span class='ocrx_word' id='word_1_12' title='bbox 1013 283 1111 303; x_wconf 86' lang='lat' dir='ltr'>ream.</span> <span class='ocrx_word' id='word_1_13' title='bbox 1137 271 1222 312; x_wconf 88' lang='lat' dir='ltr'>quod</span> <span class='ocrx_word' id='word_1_14' title='bbox 1247 273 1344 302; x_wconf 85' lang='lat' dir='ltr'>muris</span> <span class='ocrx_word' id='word_1_15' title='bbox 1373 277 1405 303; x_wconf 90' lang='lat' dir='ltr'>et</span> <span class='ocrx_word' id='word_1_16' title='bbox 1430 272 1594 304; x_wconf 79' lang='lat' dir='ltr'>fortaliciis</span> <span class='ocrx_word' id='word_1_17' title='bbox 1619 273 1860 315; x_wconf 80' lang='lat' dir='ltr'>quibuscunque</span> <span class='ocrx_word' id='word_1_18' title='bbox 1885 275 1987 306; x_wconf 84' lang='lat' dir='ltr'>denu-</span> 
     </span>
     <span class='ocr_line' id='line_1_3' title="bbox 377 323 1988 365; baseline -0.001 -6"><span class='ocrx_word' id='word_1_19' title='bbox 377 329 469 359; x_wconf 88' lang='lat' dir='ltr'>detur</span> <span class='ocrx_word' id='word_1_20' title='bbox 501 338 537 358; x_wconf 91' lang='lat' dir='ltr'>ac</span> <span class='ocrx_word' id='word_1_21' title='bbox 571 327 667 357; x_wconf 88' lang='lat' dir='ltr'>etiam</span> <span class='ocrx_word' id='word_1_22' title='bbox 694 326 835 356; x_wconf 85' lang='lat' dir='ltr'>totaliter</span> <span class='ocrx_word' id='word_1_23' title='bbox 860 325 1072 355; x_wconf 82' lang='lat' dir='ltr'>deformetur.</span> <span class='ocrx_word' id='word_1_24' title='bbox 1106 324 1150 353; x_wconf 81' lang='lat' dir='ltr'>ita</span> <span class='ocrx_word' id='word_1_25' title='bbox 1174 323 1259 364; x_wconf 85' lang='lat' dir='ltr'>quod</span> <span class='ocrx_word' id='word_1_26' title='bbox 1289 323 1391 354; x_wconf 85' lang='lat' dir='ltr'>solum</span> <span class='ocrx_word' id='word_1_27' title='bbox 1422 330 1562 355; x_wconf 81' lang='lat' dir='ltr'>aratrum</span> <span class='ocrx_word' id='word_1_28' title='bbox 1592 326 1732 365; x_wconf 84' lang='lat' dir='ltr'>patiatur</span> <span class='ocrx_word' id='word_1_29' title='bbox 1764 329 1797 356; x_wconf 86' lang='lat' dir='ltr'>et</span> <span class='ocrx_word' id='word_1_30' title='bbox 1828 336 1869 357; x_wconf 82' lang='lat' dir='ltr'>ex</span> <span class='ocrx_word' id='word_1_31' title='bbox 1901 326 1988 357; x_wconf 89' lang='lat' dir='ltr'>omni</span> 
     </span>
     <span class='ocr_line' id='line_1_4' title="bbox 376 374 1495 421; baseline -0.004 -11"><span class='ocrx_word' id='word_1_32' title='bbox 376 387 467 421; x_wconf 86' lang='lat' dir='ltr'>parte</span> <span class='ocrx_word' id='word_1_33' title='bbox 494 379 591 419; x_wconf 87' lang='lat' dir='ltr'>ipsius</span> <span class='ocrx_word' id='word_1_34' title='bbox 616 378 752 408; x_wconf 74' lang='lat' dir='ltr'>civitatis</span> <span class='ocrx_word' id='word_1_35' title='bbox 778 377 946 416; x_wconf 81' lang='lat' dir='ltr'>unicuique</span> <span class='ocrx_word' id='word_1_36' title='bbox 971 376 1011 406; x_wconf 86' lang='lat' dir='ltr'>sit</span> <span class='ocrx_word' id='word_1_37' title='bbox 1035 375 1116 405; x_wconf 89' lang='lat' dir='ltr'>liber</span> <span class='ocrx_word' id='word_1_38' title='bbox 1139 374 1246 405; x_wconf 85' lang='lat' dir='ltr'>aditus</span> <span class='ocrx_word' id='word_1_39' title='bbox 1271 378 1303 405; x_wconf 87' lang='lat' dir='ltr'>et</span> <span class='ocrx_word' id='word_1_40' title='bbox 1327 374 1495 406; x_wconf 84' lang='lat' dir='ltr'>discessus.</span> 
     </span>
    </p>

    <p class='ocr_par' dir='ltr' id='par_1_3' title="bbox 375 426 1990 575">
     <span class='ocr_line' id='line_1_5' title="bbox 485 426 1989 469; baseline 0 -9"><span class='ocrx_word' id='word_1_41' title='bbox 485 432 549 468; x_wconf 85' lang='lat'><em>(111)</em></span> <span class='ocrx_word' id='word_1_42' title='bbox 579 430 710 469; x_wconf 84' lang='lat' dir='ltr'>insuper</span> <span class='ocrx_word' id='word_1_43' title='bbox 735 429 836 468; x_wconf 85' lang='lat' dir='ltr'>ipsum</span> <span class='ocrx_word' id='word_1_44' title='bbox 862 437 997 457; x_wconf 85' lang='lat' dir='ltr'>comune</span> <span class='ocrx_word' id='word_1_45' title='bbox 1023 429 1054 456; x_wconf 90' lang='lat' dir='ltr'>et</span> <span class='ocrx_word' id='word_1_46' title='bbox 1079 426 1321 456; x_wconf 78' lang='lat' dir='ltr'>universitatem</span> <span class='ocrx_word' id='word_1_47' title='bbox 1346 426 1444 467; x_wconf 85' lang='lat' dir='ltr'>ipsius</span> <span class='ocrx_word' id='word_1_48' title='bbox 1469 427 1673 458; x_wconf 82' lang='lat' dir='ltr'>comunitatis</span> <span class='ocrx_word' id='word_1_49' title='bbox 1690 427 1801 459; x_wconf 87' lang='lat' dir='ltr'>l’adue</span> <span class='ocrx_word' id='word_1_50' title='bbox 1826 429 1856 459; x_wconf 91' lang='lat' dir='ltr'>in</span> <span class='ocrx_word' id='word_1_51' title='bbox 1875 428 1989 460; x_wconf 84' lang='lat' dir='ltr'>decem</span> 
     </span>
     <span class='ocr_line' id='line_1_6' title="bbox 375 477 1990 521; baseline -0.001 -7"><span class='ocrx_word' id='word_1_52' title='bbox 375 483 503 514; x_wconf 83' lang='lat' dir='ltr'>milibus</span> <span class='ocrx_word' id='word_1_53' title='bbox 528 481 615 511; x_wconf 81' lang='lat' dir='ltr'>libris</span> <span class='ocrx_word' id='word_1_54' title='bbox 649 480 716 509; x_wconf 88' lang='lat' dir='ltr'>auri</span> <span class='ocrx_word' id='word_1_55' title='bbox 747 480 822 508; x_wconf 73' lang='lat' dir='ltr'>fiseo</span> <span class='ocrx_word' id='word_1_56' title='bbox 852 482 883 507; x_wconf 88' lang='lat' dir='ltr'>et</span> <span class='ocrx_word' id='word_1_57' title='bbox 915 488 1041 508; x_wconf 85' lang='lat' dir='ltr'>camere</span> <span class='ocrx_word' id='word_1_58' title='bbox 1070 480 1177 507; x_wconf 89' lang='lat' dir='ltr'>nostre</span> <span class='ocrx_word' id='word_1_59' title='bbox 1206 477 1272 507; x_wconf 81' lang='lat' dir='ltr'>sive</span> <span class='ocrx_word' id='word_1_60' title='bbox 1298 477 1434 508; x_wconf 84' lang='lat' dir='ltr'>Romani</span> <span class='ocrx_word' id='word_1_61' title='bbox 1464 479 1588 518; x_wconf 88' lang='lat' dir='ltr'>imperii</span> <span class='ocrx_word' id='word_1_62' title='bbox 1614 479 1834 519; x_wconf 73' lang='lat' dir='ltr'>persolvendis</span> <span class='ocrx_word' id='word_1_63' title='bbox 1858 484 1990 521; x_wconf 88' lang='lat' dir='ltr'>propter</span> 
     </span>
     <span class='ocr_line' id='line_1_7' title="bbox 377 529 1854 575; baseline -0.001 -12"><span class='ocrx_word' id='word_1_64' title='bbox 377 535 648 575; x_wconf 87' lang='lat' dir='ltr'>presnmptionem</span> <span class='ocrx_word' id='word_1_65' title='bbox 676 530 905 561; x_wconf 78' lang='lat' dir='ltr'>eonmiissionis</span> <span class='ocrx_word' id='word_1_66' title='bbox 930 529 1051 559; x_wconf 82' lang='lat' dir='ltr'>nefarie</span> <span class='ocrx_word' id='word_1_67' title='bbox 1077 539 1266 559; x_wconf 80' lang='lat' dir='ltr'>excessuum</span> <span class='ocrx_word' id='word_1_68' title='bbox 1292 529 1509 569; x_wconf 88' lang='lat' dir='ltr'>predictorum</span> <span class='ocrx_word' id='word_1_69' title='bbox 1535 529 1854 572; x_wconf 72' lang='lat' dir='ltr'>{condempnamusls.</span> 
     </span>
    </p>

    <p class='ocr_par' dir='ltr' id='par_1_4' title="bbox 374 581 1992 935">
     <span class='ocr_line' id='line_1_8' title="bbox 484 581 1990 624; baseline 0 -11"><span class='ocrx_word' id='word_1_70' title='bbox 484 590 546 623; x_wconf 65' lang='grc' dir='ltr'>(ΙΥ)</span> <span class='ocrx_word' id='word_1_71' title='bbox 576 582 761 621; x_wconf 59' lang='lat' dir='ltr'>singulares</span> <span class='ocrx_word' id='word_1_72' title='bbox 793 592 920 622; x_wconf 80' lang='lat' dir='ltr'>qnoque</span> <span class='ocrx_word' id='word_1_73' title='bbox 955 590 1106 621; x_wconf 89' lang='lat' dir='ltr'>personas</span> <span class='ocrx_word' id='word_1_74' title='bbox 1143 581 1241 621; x_wconf 88' lang='lat' dir='ltr'>ipsius</span> <span class='ocrx_word' id='word_1_75' title='bbox 1269 581 1473 611; x_wconf 85' lang='lat' dir='ltr'>comunitatis</span> <span class='ocrx_word' id='word_1_76' title='bbox 1502 581 1542 611; x_wconf 90' lang='lat' dir='ltr'>de</span> <span class='ocrx_word' id='word_1_77' title='bbox 1572 584 1638 612; x_wconf 84' lang='lat' dir='ltr'>toto</span> <span class='ocrx_word' id='word_1_78' title='bbox 1673 581 1820 613; x_wconf 84' lang='lat' dir='ltr'>Romano</span> <span class='ocrx_word' id='word_1_79' title='bbox 1856 584 1990 624; x_wconf 89' lang='lat' dir='ltr'>imperio</span> 
     </span>
     <span class='ocr_line' id='line_1_9' title="bbox 376 632 1991 675; baseline 0.001 -11"><span class='ocrx_word' id='word_1_80' title='bbox 376 637 586 667; x_wconf 64' lang='lat' dir='ltr'>exbanninms</span> <span class='ocrx_word' id='word_1_81' title='bbox 612 643 640 664; x_wconf 88' lang='lat' dir='ltr'>et</span> <span class='ocrx_word' id='word_1_82' title='bbox 668 633 865 665; x_wconf 70' lang='lat' dir='ltr'>diffidamus.</span> <span class='ocrx_word' id='word_1_83' title='bbox 891 632 1103 662; x_wconf 84' lang='lat' dir='ltr'>decernentes</span> <span class='ocrx_word' id='word_1_84' title='bbox 1127 632 1213 673; x_wconf 85' lang='lat' dir='ltr'>quod</span> <span class='ocrx_word' id='word_1_85' title='bbox 1238 632 1369 663; x_wconf 80' lang='lat' dir='ltr'>realiter</span> <span class='ocrx_word' id='word_1_86' title='bbox 1393 636 1425 663; x_wconf 88' lang='lat' dir='ltr'>et</span> <span class='ocrx_word' id='word_1_87' title='bbox 1449 633 1662 673; x_wconf 79' lang='lat' dir='ltr'>personaliter</span> <span class='ocrx_word' id='word_1_88' title='bbox 1685 633 1830 674; x_wconf 83' lang='lat' dir='ltr'>quelibet</span> <span class='ocrx_word' id='word_1_89' title='bbox 1854 645 1991 675; x_wconf 86' lang='lat' dir='ltr'>persona</span> 
     </span>
     <span class='ocr_line' id='line_1_10' title="bbox 377 684 1992 729; baseline 0 -11"><span class='ocrx_word' id='word_1_90' title='bbox 377 690 473 729; x_wconf 81' lang='lat' dir='ltr'>ipsius</span> <span class='ocrx_word' id='word_1_91' title='bbox 498 686 700 717; x_wconf 74' lang='lat' dir='ltr'>commutatis</span> <span class='ocrx_word' id='word_1_92' title='bbox 726 685 826 723; x_wconf 70' lang='lat' dir='ltr'>licite,</span> <span class='ocrx_word' id='word_1_93' title='bbox 857 684 958 715; x_wconf 86' lang='lat' dir='ltr'>libere</span> <span class='ocrx_word' id='word_1_94' title='bbox 990 688 1022 714; x_wconf 89' lang='lat' dir='ltr'>ct</span> <span class='ocrx_word' id='word_1_95' title='bbox 1052 685 1181 724; x_wconf 89' lang='lat' dir='ltr'>impune</span> <span class='ocrx_word' id='word_1_96' title='bbox 1207 685 1306 724; x_wconf 83' lang='lat' dir='ltr'>possit</span> <span class='ocrx_word' id='word_1_97' title='bbox 1335 684 1453 715; x_wconf 79' lang='lat' dir='ltr'>offendi</span> <span class='ocrx_word' id='word_1_98' title='bbox 1483 692 1515 715; x_wconf 89' lang='lat' dir='ltr'>et</span> <span class='ocrx_word' id='word_1_99' title='bbox 1539 686 1609 725; x_wconf 82' lang='lat' dir='ltr'>capi</span> <span class='ocrx_word' id='word_1_100' title='bbox 1635 691 1666 715; x_wconf 91' lang='lat' dir='ltr'>et</span> <span class='ocrx_word' id='word_1_101' title='bbox 1690 686 1885 726; x_wconf 82' lang='lat' dir='ltr'>capientium</span> <span class='ocrx_word' id='word_1_102' title='bbox 1909 687 1992 718; x_wconf 87' lang='lat' dir='ltr'>servi</span> 
     </span>
     <span class='ocr_line' id='line_1_11' title="bbox 375 735 1990 779; baseline -0.001 -9"><span class='ocrx_word' id='word_1_103' title='bbox 375 742 459 771; x_wconf 73' lang='lat' dir='ltr'>liant.</span> <span class='ocrx_word' id='word_1_104' title='bbox 487 740 635 779; x_wconf 76' lang='lat' dir='ltr'>ipsosque</span> <span class='ocrx_word' id='word_1_105' title='bbox 661 737 809 767; x_wconf 80' lang='lat' dir='ltr'>homiues</span> <span class='ocrx_word' id='word_1_106' title='bbox 826 736 1046 776; x_wconf 72' lang='lat' dir='ltr'>infrascriptos</span> <span class='ocrx_word' id='word_1_107' title='bbox 1071 740 1103 765; x_wconf 91' lang='lat' dir='ltr'>et</span> <span class='ocrx_word' id='word_1_108' title='bbox 1127 735 1304 776; x_wconf 75' lang='lat' dir='ltr'>quemlibet</span> <span class='ocrx_word' id='word_1_109' title='bbox 1329 735 1504 766; x_wconf 86' lang='lat' dir='ltr'>eorundem</span> <span class='ocrx_word' id='word_1_110' title='bbox 1521 739 1632 777; x_wconf 80' lang='lat' dir='ltr'>utpote</span> <span class='ocrx_word' id='word_1_111' title='bbox 1656 737 1834 768; x_wconf 83' lang='lat' dir='ltr'>maiestatis</span> <span class='ocrx_word' id='word_1_112' title='bbox 1859 738 1990 770; x_wconf 89' lang='lat' dir='ltr'>crimine</span> 
     </span>
     <span class='ocr_line' id='line_1_12' title="bbox 374 787 1991 832; baseline -0.001 -10"><span class='ocrx_word' id='word_1_113' title='bbox 374 790 599 832; x_wconf 61' lang='lat' dir='ltr'>lnnulelfaetos</span> <span class='ocrx_word' id='word_1_114' title='bbox 625 788 755 829; x_wconf 82' lang='lat' dir='ltr'>capitali</span> <span class='ocrx_word' id='word_1_115' title='bbox 785 798 867 827; x_wconf 88' lang='lat' dir='ltr'>pena</span> <span class='ocrx_word' id='word_1_116' title='bbox 898 787 1100 827; x_wconf 72' lang='lat' dir='ltr'>plectendos,</span> <span class='ocrx_word' id='word_1_117' title='bbox 1134 790 1168 817; x_wconf 92' lang='lat' dir='ltr'>ut</span> <span class='ocrx_word' id='word_1_118' title='bbox 1198 787 1222 817; x_wconf 87' lang='lat' dir='ltr'>si</span> <span class='ocrx_word' id='word_1_119' title='bbox 1253 798 1315 828; x_wconf 88' lang='lat' dir='ltr'>quo</span> <span class='ocrx_word' id='word_1_120' title='bbox 1346 790 1491 828; x_wconf 87' lang='lat' dir='ltr'>tempore</span> <span class='ocrx_word' id='word_1_121' title='bbox 1517 788 1578 828; x_wconf 82' lang='lat' dir='ltr'>ipsi</span> <span class='ocrx_word' id='word_1_122' title='bbox 1607 788 1658 819; x_wconf 76' lang='lat' dir='ltr'>vel</span> <span class='ocrx_word' id='word_1_123' title='bbox 1689 788 1786 829; x_wconf 82' lang='lat' dir='ltr'>aliqui</span> <span class='ocrx_word' id='word_1_124' title='bbox 1815 799 1857 820; x_wconf 83' lang='lat' dir='ltr'>ex</span> <span class='ocrx_word' id='word_1_125' title='bbox 1885 790 1932 820; x_wconf 89' lang='lat' dir='ltr'>eis</span> <span class='ocrx_word' id='word_1_126' title='bbox 1960 790 1991 820; x_wconf 92' lang='lat' dir='ltr'>in</span> 
     </span>
     <span class='ocr_line' id='line_1_13' title="bbox 378 838 1992 880; baseline -0.001 -8"><span class='ocrx_word' id='word_1_127' title='bbox 378 850 515 872; x_wconf 76' lang='lat' dir='ltr'>nostram</span> <span class='ocrx_word' id='word_1_128' title='bbox 543 848 573 871; x_wconf 92' lang='lat' dir='ltr'>et</span> <span class='ocrx_word' id='word_1_129' title='bbox 599 840 735 870; x_wconf 81' lang='lat' dir='ltr'>Romani</span> <span class='ocrx_word' id='word_1_130' title='bbox 762 839 887 879; x_wconf 84' lang='lat' dir='ltr'>imperii</span> <span class='ocrx_word' id='word_1_131' title='bbox 913 838 1040 869; x_wconf 87' lang='lat' dir='ltr'>fortiam</span> <span class='ocrx_word' id='word_1_132' title='bbox 1066 839 1285 878; x_wconf 85' lang='lat' dir='ltr'>pervenerint.</span> <span class='ocrx_word' id='word_1_133' title='bbox 1311 838 1399 869; x_wconf 82' lang='lat' dir='ltr'>furca</span> <span class='ocrx_word' id='word_1_134' title='bbox 1423 838 1668 879; x_wconf 79' lang='lat' dir='ltr'>suspendantur,</span> <span class='ocrx_word' id='word_1_135' title='bbox 1692 840 1737 871; x_wconf 83' lang='lat' dir='ltr'>ita</span> <span class='ocrx_word' id='word_1_136' title='bbox 1761 839 1847 880; x_wconf 91' lang='lat' dir='ltr'>quod</span> <span class='ocrx_word' id='word_1_137' title='bbox 1870 839 1992 872; x_wconf 86' lang='lat' dir='ltr'>ibidem</span> 
     </span>
     <span class='ocr_line' id='line_1_14' title="bbox 376 890 1536 935; baseline -0.003 -12"><span class='ocrx_word' id='word_1_138' title='bbox 376 895 500 935; x_wconf 91' lang='lat' dir='ltr'>penitus</span> <span class='ocrx_word' id='word_1_139' title='bbox 525 893 710 923; x_wconf 85' lang='lat' dir='ltr'>moriantur.</span> <span class='ocrx_word' id='word_1_140' title='bbox 736 891 765 920; x_wconf 94' lang='lat' dir='ltr'>in</span> <span class='ocrx_word' id='word_1_141' title='bbox 791 890 850 920; x_wconf 83' lang='lat' dir='ltr'>hiis</span> <span class='ocrx_word' id='word_1_142' title='bbox 875 891 1001 931; x_wconf 81' lang='lat' dir='ltr'>seriptis</span> <span class='ocrx_word' id='word_1_143' title='bbox 1026 890 1262 921; x_wconf 67' lang='lat' dir='ltr'>sententialiter</span> <span class='ocrx_word' id='word_1_144' title='bbox 1286 890 1536 931; x_wconf 83' lang='lat' dir='ltr'>condcpnamus.</span> 
     </span>
    </p>

    <p class='ocr_par' dir='ltr' id='par_1_5' title="bbox 373 942 1994 1293">
     <span class='ocr_line' id='line_1_15' title="bbox 482 942 1993 983; baseline 0.001 -10"><span class='ocrx_word' id='word_1_145' title='bbox 482 949 531 982; x_wconf 66' lang='grc' dir='ltr'>(Υ)</span> <span class='ocrx_word' id='word_1_146' title='bbox 558 944 720 979; x_wconf 72' lang='lat' dir='ltr'>Aneianos</span> <span class='ocrx_word' id='word_1_147' title='bbox 752 952 882 983; x_wconf 80' lang='lat' dir='ltr'>quoque</span> <span class='ocrx_word' id='word_1_148' title='bbox 917 946 948 972; x_wconf 84' lang='lat' dir='ltr'>et</span> <span class='ocrx_word' id='word_1_149' title='bbox 977 942 1175 972; x_wconf 72' lang='lat' dir='ltr'>consiliarios</span> <span class='ocrx_word' id='word_1_150' title='bbox 1205 942 1270 972; x_wconf 89' lang='lat' dir='ltr'>sive</span> <span class='ocrx_word' id='word_1_151' title='bbox 1300 943 1463 982; x_wconf 80' lang='lat' dir='ltr'>sapientes</span> <span class='ocrx_word' id='word_1_152' title='bbox 1494 942 1544 973; x_wconf 90' lang='lat' dir='ltr'>vel</span> <span class='ocrx_word' id='word_1_153' title='bbox 1569 946 1710 973; x_wconf 78' lang='lat' dir='ltr'>rectores</span> <span class='ocrx_word' id='word_1_154' title='bbox 1734 943 1832 983; x_wconf 86' lang='lat' dir='ltr'>ipsius</span> <span class='ocrx_word' id='word_1_155' title='bbox 1856 944 1993 974; x_wconf 85' lang='lat' dir='ltr'>civitatis</span> 
     </span>
     <span class='ocr_line' id='line_1_16' title="bbox 374 993 1992 1038; baseline 0.001 -13"><span class='ocrx_word' id='word_1_156' title='bbox 374 996 517 1038; x_wconf 85' lang='lat' dir='ltr'>predicte</span> <span class='ocrx_word' id='word_1_157' title='bbox 551 999 584 1025; x_wconf 80' lang='lat' dir='ltr'>et</span> <span class='ocrx_word' id='word_1_158' title='bbox 613 994 791 1035; x_wconf 74' lang='lat' dir='ltr'>‹piemlibet</span> <span class='ocrx_word' id='word_1_159' title='bbox 820 994 1013 1031; x_wconf 62' lang='lat' dir='ltr'>eorundem,</span> <span class='ocrx_word' id='word_1_160' title='bbox 1043 994 1096 1034; x_wconf 88' lang='lat' dir='ltr'>qui</span> <span class='ocrx_word' id='word_1_161' title='bbox 1129 996 1275 1034; x_wconf 88' lang='lat' dir='ltr'>tempore</span> <span class='ocrx_word' id='word_1_162' title='bbox 1310 993 1393 1024; x_wconf 85' lang='lat' dir='ltr'>‹lictc</span> <span class='ocrx_word' id='word_1_163' title='bbox 1423 993 1607 1025; x_wconf 77' lang='lat' dir='ltr'>rebellionis</span> <span class='ocrx_word' id='word_1_164' title='bbox 1637 997 1728 1024; x_wconf 86' lang='lat' dir='ltr'>crant</span> <span class='ocrx_word' id='word_1_165' title='bbox 1757 997 1789 1025; x_wconf 89' lang='lat' dir='ltr'>et</span> <span class='ocrx_word' id='word_1_166' title='bbox 1812 995 1992 1026; x_wconf 79' lang='lat' dir='ltr'>successive</span> 
     </span>
     <span class='ocr_line' id='line_1_17' title="bbox 374 1045 1993 1087; baseline 0 -9"><span class='ocrx_word' id='word_1_167' title='bbox 374 1049 499 1079; x_wconf 84' lang='lat' dir='ltr'>fuerunt</span> <span class='ocrx_word' id='word_1_168' title='bbox 518 1047 637 1077; x_wconf 79' lang='lat' dir='ltr'>ibidem</span> <span class='ocrx_word' id='word_1_169' title='bbox 664 1052 695 1076; x_wconf 92' lang='lat' dir='ltr'>et</span> <span class='ocrx_word' id='word_1_170' title='bbox 721 1047 749 1076; x_wconf 91' lang='lat' dir='ltr'>in</span> <span class='ocrx_word' id='word_1_171' title='bbox 769 1046 909 1076; x_wconf 90' lang='lat' dir='ltr'>futurum</span> <span class='ocrx_word' id='word_1_172' title='bbox 928 1045 1045 1076; x_wconf 88' lang='lat' dir='ltr'>fuerint</span> <span class='ocrx_word' id='word_1_173' title='bbox 1070 1045 1153 1075; x_wconf 86' lang='lat' dir='ltr'>dieta</span> <span class='ocrx_word' id='word_1_174' title='bbox 1172 1045 1349 1076; x_wconf 84' lang='lat' dir='ltr'>rebellione</span> <span class='ocrx_word' id='word_1_175' title='bbox 1367 1045 1513 1085; x_wconf 77' lang='lat' dir='ltr'>durante,</span> <span class='ocrx_word' id='word_1_176' title='bbox 1538 1045 1577 1076; x_wconf 90' lang='lat' dir='ltr'>dc</span> <span class='ocrx_word' id='word_1_177' title='bbox 1603 1050 1669 1077; x_wconf 86' lang='lat' dir='ltr'>toto</span> <span class='ocrx_word' id='word_1_178' title='bbox 1687 1045 1834 1077; x_wconf 88' lang='lat' dir='ltr'>Romano</span> <span class='ocrx_word' id='word_1_179' title='bbox 1858 1047 1993 1087; x_wconf 87' lang='lat' dir='ltr'>imperio</span> 
     </span>
     <span class='ocr_line' id='line_1_18' title="bbox 373 1096 1994 1139; baseline 0 -9"><span class='ocrx_word' id='word_1_180' title='bbox 373 1100 584 1130; x_wconf 75' lang='lat' dir='ltr'>exbaimimus</span> <span class='ocrx_word' id='word_1_181' title='bbox 621 1102 653 1128; x_wconf 91' lang='lat' dir='ltr'>et</span> <span class='ocrx_word' id='word_1_182' title='bbox 684 1102 841 1138; x_wconf 86' lang='lat' dir='ltr'>perpetua</span> <span class='ocrx_word' id='word_1_183' title='bbox 871 1100 1018 1127; x_wconf 85' lang='lat' dir='ltr'>notamus</span> <span class='ocrx_word' id='word_1_184' title='bbox 1043 1096 1190 1128; x_wconf 83' lang='lat' dir='ltr'>infamia.</span> <span class='ocrx_word' id='word_1_185' title='bbox 1224 1097 1386 1137; x_wconf 72' lang='lat' dir='ltr'>privantes</span> <span class='ocrx_word' id='word_1_186' title='bbox 1415 1097 1547 1128; x_wconf 86' lang='lat' dir='ltr'>eosdem</span> <span class='ocrx_word' id='word_1_187' title='bbox 1580 1101 1611 1128; x_wconf 92' lang='lat' dir='ltr'>et</span> <span class='ocrx_word' id='word_1_188' title='bbox 1641 1097 1819 1138; x_wconf 87' lang='lat' dir='ltr'>quemlibet</span> <span class='ocrx_word' id='word_1_189' title='bbox 1851 1098 1994 1139; x_wconf 88' lang='lat' dir='ltr'>ipsorum</span> 
     </span>
     <span class='ocr_line' id='line_1_19' title="bbox 373 1148 1994 1191; baseline -0.001 -9"><span class='ocrx_word' id='word_1_190' title='bbox 373 1151 519 1182; x_wconf 87' lang='lat' dir='ltr'>omnibus</span> <span class='ocrx_word' id='word_1_191' title='bbox 551 1149 743 1191; x_wconf 76' lang='lat' dir='ltr'>privilegiis.</span> <span class='ocrx_word' id='word_1_192' title='bbox 776 1149 962 1189; x_wconf 55' lang='lat' dir='ltr'>bonoribus7</span> <span class='ocrx_word' id='word_1_193' title='bbox 995 1149 1171 1179; x_wconf 84' lang='lat' dir='ltr'>franchitiis</span> <span class='ocrx_word' id='word_1_194' title='bbox 1200 1152 1232 1179; x_wconf 91' lang='lat' dir='ltr'>et</span> <span class='ocrx_word' id='word_1_195' title='bbox 1262 1148 1516 1179; x_wconf 85' lang='lat' dir='ltr'>immunitatibus</span> <span class='ocrx_word' id='word_1_196' title='bbox 1548 1160 1566 1179; x_wconf 86' lang='lat' dir='ltr'>a</span> <span class='ocrx_word' id='word_1_197' title='bbox 1598 1149 1689 1180; x_wconf 84' lang='lat' dir='ltr'>nobis</span> <span class='ocrx_word' id='word_1_198' title='bbox 1719 1149 1768 1180; x_wconf 86' lang='lat' dir='ltr'>vel</span> <span class='ocrx_word' id='word_1_199' title='bbox 1797 1160 1814 1181; x_wconf 86' lang='lat' dir='ltr'>a</span> <span class='ocrx_word' id='word_1_200' title='bbox 1839 1149 1994 1181; x_wconf 84' lang='lat' dir='ltr'>Romanis</span> 
     </span>
     <span class='ocr_line' id='line_1_20' title="bbox 374 1199 1993 1244; baseline -0.001 -11"><span class='ocrx_word' id='word_1_201' title='bbox 374 1202 621 1244; x_wconf 69' lang='lat' dir='ltr'>imperatoribus</span> <span class='ocrx_word' id='word_1_202' title='bbox 660 1200 945 1241; x_wconf 84' lang='lat' dir='ltr'>predecessoribns</span> <span class='ocrx_word' id='word_1_203' title='bbox 980 1201 1095 1230; x_wconf 86' lang='lat' dir='ltr'>nostris</span> <span class='ocrx_word' id='word_1_204' title='bbox 1128 1201 1286 1231; x_wconf 72' lang='lat' dir='ltr'>concessis</span> <span class='ocrx_word' id='word_1_205' title='bbox 1316 1200 1366 1231; x_wconf 84' lang='lat' dir='ltr'>vcl</span> <span class='ocrx_word' id='word_1_206' title='bbox 1396 1199 1541 1242; x_wconf 69' lang='lat' dir='ltr'>[eisdem]</span> <span class='ocrx_word' id='word_1_207' title='bbox 1571 1201 1664 1231; x_wconf 88' lang='lat' dir='ltr'>aliter</span> <span class='ocrx_word' id='word_1_208' title='bbox 1694 1201 1839 1242; x_wconf 77' lang='lat' dir='ltr'>aquisitis</span> <span class='ocrx_word' id='word_1_209' title='bbox 1871 1200 1915 1243; x_wconf 87' lang='lat' dir='ltr'>[et</span> <span class='ocrx_word' id='word_1_210' title='bbox 1946 1201 1993 1232; x_wconf 90' lang='lat' dir='ltr'>in-</span> 
     </span>
     <span class='ocr_line' id='line_1_21' title="bbox 373 1250 1985 1293; baseline -0.001 -8"><span class='ocrx_word' id='word_1_211' title='bbox 373 1255 498 1285; x_wconf 84' lang='lat' dir='ltr'>habiles</span> <span class='ocrx_word' id='word_1_212' title='bbox 523 1264 592 1283; x_wconf 79' lang='lat' dir='ltr'>esse</span> <span class='ocrx_word' id='word_1_213' title='bbox 622 1253 768 1282; x_wconf 81' lang='lat' dir='ltr'>volumus</span> <span class='ocrx_word' id='word_1_214' title='bbox 793 1250 966 1293; x_wconf 77' lang='lat' dir='ltr'>iudicandi]</span> <span class='ocrx_word' id='word_1_215' title='bbox 996 1255 1027 1282; x_wconf 88' lang='lat' dir='ltr'>et</span> <span class='ocrx_word' id='word_1_216' title='bbox 1052 1251 1213 1282; x_wconf 79' lang='lat' dir='ltr'>assidendi</span> <span class='ocrx_word' id='word_1_217' title='bbox 1244 1252 1349 1282; x_wconf 87' lang='lat' dir='ltr'>officio</span> <span class='ocrx_word' id='word_1_218' title='bbox 1380 1255 1412 1282; x_wconf 82' lang='lat' dir='ltr'>et</span> <span class='ocrx_word' id='word_1_219' title='bbox 1441 1252 1610 1283; x_wconf 88' lang='lat' dir='ltr'>cuiuslibet</span> <span class='ocrx_word' id='word_1_220' title='bbox 1633 1253 1840 1293; x_wconf 80' lang='lat' dir='ltr'>magistratus</span> <span class='ocrx_word' id='word_1_221' title='bbox 1864 1252 1985 1284; x_wconf 81' lang='lat' dir='ltr'>honore</span> 
     </span>
    </p>

    <p class='ocr_par' dir='ltr' id='par_1_6' title="bbox 372 1303 1996 1913">
     <span class='ocr_line' id='line_1_22' title="bbox 481 1303 1989 1345; baseline 0 -10"><span class='ocrx_word' id='word_1_222' title='bbox 481 1311 543 1343; x_wconf 68' lang='grc' dir='ltr'>(Π)</span> <span class='ocrx_word' id='word_1_223' title='bbox 570 1304 766 1345; x_wconf 74' lang='lat' dir='ltr'>[l’otestates</span> <span class='ocrx_word' id='word_1_224' title='bbox 792 1314 881 1336; x_wconf 78' lang='lat' dir='ltr'>vero.</span> <span class='ocrx_word' id='word_1_225' title='bbox 914 1303 1036 1334; x_wconf 86' lang='lat' dir='ltr'>iudices</span> <span class='ocrx_word' id='word_1_226' title='bbox 1069 1307 1101 1334; x_wconf 86' lang='lat' dir='ltr'>et</span> <span class='ocrx_word' id='word_1_227' title='bbox 1125 1303 1294 1345; x_wconf 75' lang='lat' dir='ltr'>notarios‚]</span> <span class='ocrx_word' id='word_1_228' title='bbox 1325 1304 1377 1344; x_wconf 89' lang='lat' dir='ltr'>qui</span> <span class='ocrx_word' id='word_1_229' title='bbox 1403 1307 1549 1344; x_wconf 86' lang='lat' dir='ltr'>tempore</span> <span class='ocrx_word' id='word_1_230' title='bbox 1575 1303 1660 1334; x_wconf 84' lang='lat' dir='ltr'>dicte</span> <span class='ocrx_word' id='word_1_231' title='bbox 1684 1303 1869 1335; x_wconf 86' lang='lat' dir='ltr'>rebellionis</span> <span class='ocrx_word' id='word_1_232' title='bbox 1892 1308 1925 1335; x_wconf 86' lang='lat' dir='ltr'>et·</span> <span class='ocrx_word' id='word_1_233' title='bbox 1948 1304 1989 1335; x_wconf 85' lang='lat' dir='ltr'>ab</span> 
     </span>
     <span class='ocr_line' id='line_1_23' title="bbox 372 1355 1990 1397; baseline -0.002 -8"><span class='ocrx_word' id='word_1_234' title='bbox 372 1358 445 1389; x_wconf 91' lang='lat' dir='ltr'>inde</span> <span class='ocrx_word' id='word_1_235' title='bbox 486 1359 562 1387; x_wconf 86' lang='lat' dir='ltr'>eitra</span> <span class='ocrx_word' id='word_1_236' title='bbox 600 1356 727 1386; x_wconf 78' lang='lat' dir='ltr'>obnoxii</span> <span class='ocrx_word' id='word_1_237' title='bbox 763 1356 879 1385; x_wconf 90' lang='lat' dir='ltr'>fuerint</span> <span class='ocrx_word' id='word_1_238' title='bbox 909 1355 950 1385; x_wconf 88' lang='lat' dir='ltr'>de</span> <span class='ocrx_word' id='word_1_239' title='bbox 982 1355 1134 1396; x_wconf 80' lang='lat' dir='ltr'>predictis</span> <span class='ocrx_word' id='word_1_240' title='bbox 1163 1359 1194 1386; x_wconf 86' lang='lat' dir='ltr'>ct</span> <span class='ocrx_word' id='word_1_241' title='bbox 1231 1356 1283 1397; x_wconf 91' lang='lat' dir='ltr'>qui</span> <span class='ocrx_word' id='word_1_242' title='bbox 1313 1355 1466 1396; x_wconf 82' lang='lat' dir='ltr'>deinceps</span> <span class='ocrx_word' id='word_1_243' title='bbox 1494 1356 1524 1386; x_wconf 92' lang='lat' dir='ltr'>in</span> <span class='ocrx_word' id='word_1_244' title='bbox 1559 1357 1715 1397; x_wconf 83' lang='lat' dir='ltr'>regimine</span> <span class='ocrx_word' id='word_1_245' title='bbox 1751 1355 1836 1387; x_wconf 80' lang='lat' dir='ltr'>dicte</span> <span class='ocrx_word' id='word_1_246' title='bbox 1869 1356 1990 1391; x_wconf 61' lang='lat' dir='ltr'>civitati</span> 
     </span>
     <span class='ocr_line' id='line_1_24' title="bbox 373 1406 1992 1451; baseline -0.001 -11"><span class='ocrx_word' id='word_1_247' title='bbox 373 1410 548 1451; x_wconf 77' lang='lat' dir='ltr'>prefuerint</span> <span class='ocrx_word' id='word_1_248' title='bbox 574 1412 605 1439; x_wconf 85' lang='lat' dir='ltr'>et</span> <span class='ocrx_word' id='word_1_249' title='bbox 630 1407 751 1448; x_wconf 83' lang='lat' dir='ltr'>absque</span> <span class='ocrx_word' id='word_1_250' title='bbox 778 1412 881 1437; x_wconf 83' lang='lat' dir='ltr'>nostra</span> <span class='ocrx_word' id='word_1_251' title='bbox 910 1406 973 1448; x_wconf 80' lang='lat' dir='ltr'>{vel</span> <span class='ocrx_word' id='word_1_252' title='bbox 998 1417 1217 1438; x_wconf 84' lang='lat' dir='ltr'>successorum</span> <span class='ocrx_word' id='word_1_253' title='bbox 1246 1406 1436 1449; x_wconf 81' lang='lat' dir='ltr'>nostrorum]</span> <span class='ocrx_word' id='word_1_254' title='bbox 1462 1408 1592 1438; x_wconf 84' lang='lat' dir='ltr'>licentia</span> <span class='ocrx_word' id='word_1_255' title='bbox 1616 1412 1647 1439; x_wconf 85' lang='lat' dir='ltr'>et</span> <span class='ocrx_word' id='word_1_256' title='bbox 1671 1407 1712 1438; x_wconf 86' lang='lat' dir='ltr'>ad</span> <span class='ocrx_word' id='word_1_257' title='bbox 1737 1408 1835 1448; x_wconf 86' lang='lat' dir='ltr'>ipsius</span> <span class='ocrx_word' id='word_1_258' title='bbox 1853 1408 1992 1439; x_wconf 76' lang='lat' dir='ltr'>civitatis</span> 
     </span>
     <span class='ocr_line' id='line_1_25' title="bbox 373 1458 1988 1501; baseline -0.002 -8"><span class='ocrx_word' id='word_1_259' title='bbox 373 1463 516 1501; x_wconf 66' lang='lat' dir='ltr'>regimen</span> <span class='ocrx_word' id='word_1_260' title='bbox 543 1459 759 1490; x_wconf 83' lang='lat' dir='ltr'>exercendum</span> <span class='ocrx_word' id='word_1_261' title='bbox 784 1459 992 1497; x_wconf 69' lang='lat' dir='ltr'>accesserint,</span> <span class='ocrx_word' id='word_1_262' title='bbox 1023 1459 1184 1499; x_wconf 78' lang='lat' dir='ltr'>privamus</span> <span class='ocrx_word' id='word_1_263' title='bbox 1215 1462 1245 1489; x_wconf 90' lang='lat' dir='ltr'>et</span> <span class='ocrx_word' id='word_1_264' title='bbox 1276 1460 1416 1500; x_wconf 85' lang='lat' dir='ltr'>privatos</span> <span class='ocrx_word' id='word_1_265' title='bbox 1441 1469 1511 1489; x_wconf 87' lang='lat' dir='ltr'>esse</span> <span class='ocrx_word' id='word_1_266' title='bbox 1536 1459 1682 1490; x_wconf 82' lang='lat' dir='ltr'>volumus</span> <span class='ocrx_word' id='word_1_267' title='bbox 1707 1458 1746 1489; x_wconf 87' lang='lat' dir='ltr'>ab</span> <span class='ocrx_word' id='word_1_268' title='bbox 1771 1459 1857 1490; x_wconf 91' lang='lat' dir='ltr'>omni</span> <span class='ocrx_word' id='word_1_269' title='bbox 1882 1458 1988 1490; x_wconf 88' lang='lat' dir='ltr'>officio</span> 
     </span>
     <span class='ocr_line' id='line_1_26' title="bbox 373 1510 1988 1552; baseline -0.001 -8"><span class='ocrx_word' id='word_1_270' title='bbox 373 1512 550 1544; x_wconf 75' lang='lat' dir='ltr'>iudicandi,</span> <span class='ocrx_word' id='word_1_271' title='bbox 581 1510 761 1552; x_wconf 85' lang='lat' dir='ltr'>presidcndi</span> <span class='ocrx_word' id='word_1_272' title='bbox 793 1514 823 1540; x_wconf 89' lang='lat' dir='ltr'>et</span> <span class='ocrx_word' id='word_1_273' title='bbox 848 1510 1010 1541; x_wconf 86' lang='lat' dir='ltr'>assidendi</span> <span class='ocrx_word' id='word_1_274' title='bbox 1036 1514 1068 1541; x_wconf 83' lang='lat' dir='ltr'>et</span> <span class='ocrx_word' id='word_1_275' title='bbox 1093 1511 1269 1542; x_wconf 84' lang='lat' dir='ltr'>notariatus</span> <span class='ocrx_word' id='word_1_276' title='bbox 1294 1515 1325 1541; x_wconf 92' lang='lat' dir='ltr'>et</span> <span class='ocrx_word' id='word_1_277' title='bbox 1350 1511 1519 1541; x_wconf 87' lang='lat' dir='ltr'>cuiuslibet</span> <span class='ocrx_word' id='word_1_278' title='bbox 1543 1511 1750 1552; x_wconf 77' lang='lat' dir='ltr'>magistratus</span> <span class='ocrx_word' id='word_1_279' title='bbox 1775 1514 1806 1541; x_wconf 90' lang='lat' dir='ltr'>et</span> <span class='ocrx_word' id='word_1_280' title='bbox 1831 1514 1988 1551; x_wconf 83' lang='lat' dir='ltr'>perpetue</span> 
     </span>
     <span class='ocr_line' id='line_1_27' title="bbox 373 1561 1994 1610; baseline -0.001 -15"><span class='ocrx_word' id='word_1_281' title='bbox 373 1565 502 1595; x_wconf 89' lang='lat' dir='ltr'>infamie</span> <span class='ocrx_word' id='word_1_282' title='bbox 522 1564 667 1593; x_wconf 75' lang='lat' dir='ltr'>volumus</span> <span class='ocrx_word' id='word_1_283' title='bbox 692 1562 869 1593; x_wconf 56' lang='lat' dir='ltr'>sul.)iaee,1·e⁴</span> <span class='ocrx_word' id='word_1_284' title='bbox 910 1564 957 1593; x_wconf 82' lang='lat' dir='ltr'>Ac</span> <span class='ocrx_word' id='word_1_285' title='bbox 983 1563 1080 1593; x_wconf 82' lang='lat' dir='ltr'>etiam</span> <span class='ocrx_word' id='word_1_286' title='bbox 1099 1562 1246 1593; x_wconf 86' lang='lat' dir='ltr'>omnibus</span> <span class='ocrx_word' id='word_1_287' title='bbox 1263 1562 1449 1604; x_wconf 71' lang='lat' dir='ltr'>privilegiis,</span> <span class='ocrx_word' id='word_1_288' title='bbox 1475 1562 1650 1593; x_wconf 85' lang='lat' dir='ltr'>franchitiis</span> <span class='ocrx_word' id='word_1_289' title='bbox 1675 1566 1707 1593; x_wconf 87' lang='lat' dir='ltr'>et</span> <span class='ocrx_word' id='word_1_290' title='bbox 1728 1561 1994 1610; x_wconf 68' lang='lat' dir='ltr'>i111munitatibuS‚</span> 
     </span>
     <span class='ocr_line' id='line_1_28' title="bbox 373 1613 1996 1655; baseline 0 -10"><span class='ocrx_word' id='word_1_291' title='bbox 373 1616 546 1647; x_wconf 72' lang='lat' dir='ltr'>honoribus</span> <span class='ocrx_word' id='word_1_292' title='bbox 575 1620 605 1644; x_wconf 89' lang='lat' dir='ltr'>et</span> <span class='ocrx_word' id='word_1_293' title='bbox 631 1614 749 1644; x_wconf 83' lang='lat' dir='ltr'>iuribus</span> <span class='ocrx_word' id='word_1_294' title='bbox 779 1624 795 1643; x_wconf 92' lang='lat' dir='ltr'>a</span> <span class='ocrx_word' id='word_1_295' title='bbox 822 1614 913 1644; x_wconf 85' lang='lat' dir='ltr'>nobis</span> <span class='ocrx_word' id='word_1_296' title='bbox 938 1614 988 1645; x_wconf 79' lang='lat' dir='ltr'>vel</span> <span class='ocrx_word' id='word_1_297' title='bbox 1019 1614 1303 1655; x_wconf 75' lang='lat' dir='ltr'>predecessoribus</span> <span class='ocrx_word' id='word_1_298' title='bbox 1328 1614 1444 1644; x_wconf 87' lang='lat' dir='ltr'>nostris</span> <span class='ocrx_word' id='word_1_299' title='bbox 1473 1614 1633 1644; x_wconf 76' lang='lat' dir='ltr'>concessis</span> <span class='ocrx_word' id='word_1_300' title='bbox 1657 1613 1707 1644; x_wconf 85' lang='lat' dir='ltr'>vel</span> <span class='ocrx_word' id='word_1_301' title='bbox 1732 1613 1826 1644; x_wconf 87' lang='lat' dir='ltr'>aliter</span> <span class='ocrx_word' id='word_1_302' title='bbox 1850 1614 1996 1655; x_wconf 79' lang='lat' dir='ltr'>aquisitis</span> 
     </span>
     <span class='ocr_line' id='line_1_29' title="bbox 373 1665 1994 1707; baseline -0.001 -8"><span class='ocrx_word' id='word_1_303' title='bbox 373 1668 497 1699; x_wconf 86' lang='lat' dir='ltr'>eisdem</span> <span class='ocrx_word' id='word_1_304' title='bbox 523 1667 699 1707; x_wconf 74' lang='lat' dir='ltr'>privamus.</span> <span class='ocrx_word' id='word_1_305' title='bbox 735 1667 800 1706; x_wconf 85' lang='lat' dir='ltr'>ipsa</span> <span class='ocrx_word' id='word_1_306' title='bbox 835 1666 1005 1706; x_wconf 78' lang='lat' dir='ltr'>privilegia</span> <span class='ocrx_word' id='word_1_307' title='bbox 1034 1669 1066 1696; x_wconf 88' lang='lat' dir='ltr'>ct</span> <span class='ocrx_word' id='word_1_308' title='bbox 1091 1666 1229 1697; x_wconf 82' lang='lat' dir='ltr'>honores</span> <span class='ocrx_word' id='word_1_309' title='bbox 1255 1676 1295 1697; x_wconf 76' lang='lat' dir='ltr'>ex</span> <span class='ocrx_word' id='word_1_310' title='bbox 1320 1669 1407 1696; x_wconf 84' lang='lat' dir='ltr'>certa</span> <span class='ocrx_word' id='word_1_311' title='bbox 1434 1667 1567 1697; x_wconf 81' lang='lat' dir='ltr'>scientia</span> <span class='ocrx_word' id='word_1_312' title='bbox 1592 1668 1790 1697; x_wconf 79' lang='lat' dir='ltr'>revocantes,</span> <span class='ocrx_word' id='word_1_313' title='bbox 1838 1665 1994 1707; x_wconf 88' lang='lat' dir='ltr'>Ipsosque</span> 
     </span>
     <span class='ocr_line' id='line_1_30' title="bbox 373 1716 1995 1758; baseline -0.001 -8"><span class='ocrx_word' id='word_1_314' title='bbox 373 1719 585 1750; x_wconf 85' lang='lat' dir='ltr'>cxbannimus</span> <span class='ocrx_word' id='word_1_315' title='bbox 616 1722 646 1747; x_wconf 89' lang='lat' dir='ltr'>et</span> <span class='ocrx_word' id='word_1_316' title='bbox 677 1722 829 1758; x_wconf 85' lang='lat' dir='ltr'>tanquam</span> <span class='ocrx_word' id='word_1_317' title='bbox 862 1718 999 1748; x_wconf 73' lang='lat' dir='ltr'>rebelles</span> <span class='ocrx_word' id='word_1_318' title='bbox 1031 1717 1168 1748; x_wconf 86' lang='lat' dir='ltr'>Romani</span> <span class='ocrx_word' id='word_1_319' title='bbox 1200 1718 1325 1758; x_wconf 85' lang='lat' dir='ltr'>imperii</span> <span class='ocrx_word' id='word_1_320' title='bbox 1357 1729 1374 1748; x_wconf 86' lang='lat' dir='ltr'>a</span> <span class='ocrx_word' id='word_1_321' title='bbox 1407 1718 1527 1748; x_wconf 85' lang='lat' dir='ltr'>cunetis</span> <span class='ocrx_word' id='word_1_322' title='bbox 1556 1717 1671 1748; x_wconf 89' lang='lat' dir='ltr'>nostris</span> <span class='ocrx_word' id='word_1_323' title='bbox 1703 1720 1734 1748; x_wconf 87' lang='lat' dir='ltr'>et</span> <span class='ocrx_word' id='word_1_324' title='bbox 1763 1716 1839 1748; x_wconf 86' lang='lat' dir='ltr'>dicti</span> <span class='ocrx_word' id='word_1_325' title='bbox 1869 1717 1995 1758; x_wconf 86' lang='lat' dir='ltr'>imperii</span> 
     </span>
     <span class='ocr_line' id='line_1_31' title="bbox 374 1768 1994 1810; baseline -0.001 -9"><span class='ocrx_word' id='word_1_326' title='bbox 374 1771 520 1801; x_wconf 83' lang='lat' dir='ltr'>fidelibus</span> <span class='ocrx_word' id='word_1_327' title='bbox 540 1770 684 1799; x_wconf 75' lang='lat' dir='ltr'>volumus</span> <span class='ocrx_word' id='word_1_328' title='bbox 703 1768 926 1810; x_wconf 69' lang='lat' dir='ltr'>[personaliter</span> <span class='ocrx_word' id='word_1_329' title='bbox 951 1773 982 1799; x_wconf 85' lang='lat' dir='ltr'>et</span> <span class='ocrx_word' id='word_1_330' title='bbox 1004 1768 1146 1810; x_wconf 59' lang='lat' dir='ltr'>realiter}</span> <span class='ocrx_word' id='word_1_331' title='bbox 1166 1780 1258 1810; x_wconf 77' lang='lat' dir='ltr'>posse,</span> <span class='ocrx_word' id='word_1_332' title='bbox 1276 1769 1405 1799; x_wconf 78' lang='lat' dir='ltr'>offendi.</span> <span class='ocrx_word' id='word_1_333' title='bbox 1455 1769 1579 1799; x_wconf 83' lang='lat' dir='ltr'>ludices</span> <span class='ocrx_word' id='word_1_334' title='bbox 1597 1779 1736 1810; x_wconf 74' lang='lat' dir='ltr'>quoque,</span> <span class='ocrx_word' id='word_1_335' title='bbox 1763 1768 1938 1800; x_wconf 83' lang='lat' dir='ltr'>advocatos</span> <span class='ocrx_word' id='word_1_336' title='bbox 1962 1772 1994 1800; x_wconf 85' lang='lat' dir='ltr'>et</span> 
     </span>
     <span class='ocr_line' id='line_1_32' title="bbox 374 1819 1993 1861; baseline -0.001 -8"><span class='ocrx_word' id='word_1_337' title='bbox 374 1824 515 1853; x_wconf 81' lang='lat' dir='ltr'>notarios</span> <span class='ocrx_word' id='word_1_338' title='bbox 535 1822 618 1851; x_wconf 79' lang='lat' dir='ltr'>dicte</span> <span class='ocrx_word' id='word_1_339' title='bbox 644 1821 781 1851; x_wconf 79' lang='lat' dir='ltr'>civitatis</span> <span class='ocrx_word' id='word_1_340' title='bbox 801 1821 922 1852; x_wconf 84' lang='lat' dir='ltr'>l‘adue.</span> <span class='ocrx_word' id='word_1_341' title='bbox 949 1822 1034 1850; x_wconf 82' lang='lat' dir='ltr'>cives</span> <span class='ocrx_word' id='word_1_342' title='bbox 1051 1821 1101 1851; x_wconf 83' lang='lat' dir='ltr'>vel</span> <span class='ocrx_word' id='word_1_343' title='bbox 1119 1821 1336 1851; x_wconf 81' lang='lat' dir='ltr'>districtualcs</span> <span class='ocrx_word' id='word_1_344' title='bbox 1361 1825 1459 1861; x_wconf 87' lang='lat' dir='ltr'>atque</span> <span class='ocrx_word' id='word_1_345' title='bbox 1485 1820 1605 1851; x_wconf 88' lang='lat' dir='ltr'>incolas</span> <span class='ocrx_word' id='word_1_346' title='bbox 1622 1819 1827 1851; x_wconf 84' lang='lat' dir='ltr'>adiudicandi</span> <span class='ocrx_word' id='word_1_347' title='bbox 1852 1824 1884 1851; x_wconf 83' lang='lat' dir='ltr'>et</span> <span class='ocrx_word' id='word_1_348' title='bbox 1907 1820 1993 1851; x_wconf 84' lang='lat' dir='ltr'>adsi-</span> 
     </span>
     <span class='ocr_line' id='line_1_33' title="bbox 373 1871 1994 1913; baseline -0.001 -8"><span class='ocrx_word' id='word_1_349' title='bbox 373 1875 480 1905; x_wconf 83' lang='lat' dir='ltr'>dendi.</span> <span class='ocrx_word' id='word_1_350' title='bbox 499 1873 676 1904; x_wconf 70' lang='lat' dir='ltr'>advocandi</span> <span class='ocrx_word' id='word_1_351' title='bbox 697 1881 726 1902; x_wconf 92' lang='lat' dir='ltr'>et</span> <span class='ocrx_word' id='word_1_352' title='bbox 743 1872 970 1902; x_wconf 77' lang='lat' dir='ltr'>tabellionatus</span> <span class='ocrx_word' id='word_1_353' title='bbox 987 1873 1092 1903; x_wconf 82' lang='lat' dir='ltr'>officio</span> <span class='ocrx_word' id='word_1_354' title='bbox 1108 1873 1270 1913; x_wconf 87' lang='lat' dir='ltr'>privamus</span> <span class='ocrx_word' id='word_1_355' title='bbox 1288 1876 1320 1902; x_wconf 85' lang='lat' dir='ltr'>et</span> <span class='ocrx_word' id='word_1_356' title='bbox 1334 1875 1489 1913; x_wconf 83' lang='lat' dir='ltr'>perpetue</span> <span class='ocrx_word' id='word_1_357' title='bbox 1504 1871 1650 1902; x_wconf 87' lang='lat' dir='ltr'>volumus</span> <span class='ocrx_word' id='word_1_358' title='bbox 1669 1872 1799 1902; x_wconf 73' lang='lat' dir='ltr'>infantie</span> <span class='ocrx_word' id='word_1_359' title='bbox 1813 1871 1994 1903; x_wconf 82' lang='lat' dir='ltr'>subiacere.</span> 
     </span>
    </p>

    <p class='ocr_par' dir='ltr' id='par_1_7' title="bbox 373 1923 1996 2624">
     <span class='ocr_line' id='line_1_34' title="bbox 481 1923 1986 1964; baseline -0.001 -9"><span class='ocrx_word' id='word_1_360' title='bbox 481 1930 556 1963; x_wconf 61' lang='grc' dir='ltr'>(ΥΙΗ</span> <span class='ocrx_word' id='word_1_361' title='bbox 585 1925 664 1954; x_wconf 90' lang='lat' dir='ltr'>ltem</span> <span class='ocrx_word' id='word_1_362' title='bbox 692 1924 763 1964; x_wconf 76' lang='lat' dir='ltr'>quia</span> <span class='ocrx_word' id='word_1_363' title='bbox 790 1925 901 1954; x_wconf 82' lang='lat' dir='ltr'>civitas</span> <span class='ocrx_word' id='word_1_364' title='bbox 927 1923 1086 1964; x_wconf 87' lang='lat' dir='ltr'>predicta.</span> <span class='ocrx_word' id='word_1_365' title='bbox 1112 1934 1246 1954; x_wconf 86' lang='lat' dir='ltr'>comune</span> <span class='ocrx_word' id='word_1_366' title='bbox 1272 1927 1303 1954; x_wconf 89' lang='lat' dir='ltr'>ct</span> <span class='ocrx_word' id='word_1_367' title='bbox 1328 1923 1473 1953; x_wconf 85' lang='lat' dir='ltr'>homines</span> <span class='ocrx_word' id='word_1_368' title='bbox 1498 1923 1595 1964; x_wconf 84' lang='lat' dir='ltr'>ipsius</span> <span class='ocrx_word' id='word_1_369' title='bbox 1619 1923 1823 1954; x_wconf 79' lang='lat' dir='ltr'>conninitatis</span> <span class='ocrx_word' id='word_1_370' title='bbox 1846 1923 1877 1954; x_wconf 92' lang='lat' dir='ltr'>in</span> <span class='ocrx_word' id='word_1_371' title='bbox 1901 1923 1986 1954; x_wconf 84' lang='lat' dir='ltr'>dicte</span> 
     </span>
     <span class='ocr_line' id='line_1_35' title="bbox 375 1974 1996 2016; baseline -0.001 -8"><span class='ocrx_word' id='word_1_372' title='bbox 375 1977 557 2008; x_wconf 76' lang='lat' dir='ltr'>rebellionis</span> <span class='ocrx_word' id='word_1_373' title='bbox 583 1981 613 2006; x_wconf 89' lang='lat' dir='ltr'>et</span> <span class='ocrx_word' id='word_1_374' title='bbox 633 1980 696 2005; x_wconf 87' lang='lat' dir='ltr'>tam</span> <span class='ocrx_word' id='word_1_375' title='bbox 716 1975 955 2006; x_wconf 85' lang='lat' dir='ltr'>detestabilium</span> <span class='ocrx_word' id='word_1_376' title='bbox 981 1975 1138 2006; x_wconf 87' lang='lat' dir='ltr'>scelerum</span> <span class='ocrx_word' id='word_1_377' title='bbox 1157 1975 1372 2005; x_wconf 85' lang='lat' dir='ltr'>obstinatione</span> <span class='ocrx_word' id='word_1_378' title='bbox 1390 1975 1518 2016; x_wconf 86' lang='lat' dir='ltr'>publiea</span> <span class='ocrx_word' id='word_1_379' title='bbox 1543 1978 1631 2005; x_wconf 87' lang='lat' dir='ltr'>tanto</span> <span class='ocrx_word' id='word_1_380' title='bbox 1650 1979 1796 2016; x_wconf 85' lang='lat' dir='ltr'>tempore</span> <span class='ocrx_word' id='word_1_381' title='bbox 1814 1974 1996 2006; x_wconf 85' lang='lat' dir='ltr'>nullatenus</span> 
     </span>
     <span class='ocr_line' id='line_1_36' title="bbox 373 2027 1995 2070; baseline 0 -13"><span class='ocrx_word' id='word_1_382' title='bbox 373 2029 603 2070; x_wconf 68' lang='lat' dir='ltr'>perdurassent</span> <span class='ocrx_word' id='word_1_383' title='bbox 630 2028 695 2057; x_wconf 88' lang='lat' dir='ltr'>sine</span> <span class='ocrx_word' id='word_1_384' title='bbox 723 2028 862 2068; x_wconf 86' lang='lat' dir='ltr'>ipsorum</span> <span class='ocrx_word' id='word_1_385' title='bbox 889 2028 1002 2057; x_wconf 77' lang='lat' dir='ltr'>civium</span> <span class='ocrx_word' id='word_1_386' title='bbox 1037 2031 1067 2057; x_wconf 89' lang='lat' dir='ltr'>et</span> <span class='ocrx_word' id='word_1_387' title='bbox 1092 2027 1268 2058; x_wconf 87' lang='lat' dir='ltr'>incolarum</span> <span class='ocrx_word' id='word_1_388' title='bbox 1294 2027 1448 2067; x_wconf 88' lang='lat' dir='ltr'>patientia</span> <span class='ocrx_word' id='word_1_389' title='bbox 1475 2030 1507 2058; x_wconf 90' lang='lat' dir='ltr'>et</span> <span class='ocrx_word' id='word_1_390' title='bbox 1531 2037 1662 2057; x_wconf 82' lang='lat' dir='ltr'>assensu</span> <span class='ocrx_word' id='word_1_391' title='bbox 1688 2030 1719 2058; x_wconf 87' lang='lat' dir='ltr'>et</span> <span class='ocrx_word' id='word_1_392' title='bbox 1742 2032 1775 2057; x_wconf 89' lang='lat' dir='ltr'>nt</span> <span class='ocrx_word' id='word_1_393' title='bbox 1800 2037 1883 2067; x_wconf 87' lang='lat' dir='ltr'>pene</span> <span class='ocrx_word' id='word_1_394' title='bbox 1908 2030 1995 2058; x_wconf 89' lang='lat' dir='ltr'>metu</span> 
     </span>
     <span class='ocr_line' id='line_1_37' title="bbox 373 2077 1994 2119; baseline -0.001 -9"><span class='ocrx_word' id='word_1_395' title='bbox 373 2081 474 2110; x_wconf 87' lang='lat' dir='ltr'>coacti</span> <span class='ocrx_word' id='word_1_396' title='bbox 508 2093 541 2109; x_wconf 89' lang='lat' dir='ltr'>se</span> <span class='ocrx_word' id='word_1_397' title='bbox 573 2086 603 2109; x_wconf 88' lang='lat' dir='ltr'>et</span> <span class='ocrx_word' id='word_1_398' title='bbox 635 2079 754 2109; x_wconf 88' lang='lat' dir='ltr'>dietum</span> <span class='ocrx_word' id='word_1_399' title='bbox 781 2090 915 2109; x_wconf 70' lang='lat' dir='ltr'>(annuae</span> <span class='ocrx_word' id='word_1_400' title='bbox 949 2090 965 2109; x_wconf 93' lang='lat' dir='ltr'>e</span> <span class='ocrx_word' id='word_1_401' title='bbox 992 2079 1144 2119; x_wconf 73' lang='lat' dir='ltr'>predictis</span> <span class='ocrx_word' id='word_1_402' title='bbox 1168 2078 1314 2109; x_wconf 78' lang='lat' dir='ltr'>nefandis</span> <span class='ocrx_word' id='word_1_403' title='bbox 1347 2078 1507 2110; x_wconf 85' lang='lat' dir='ltr'>erroribus</span> <span class='ocrx_word' id='word_1_404' title='bbox 1539 2077 1703 2109; x_wconf 82' lang='lat' dir='ltr'>retrahant</span> <span class='ocrx_word' id='word_1_405' title='bbox 1731 2077 1827 2109; x_wconf 87' lang='lat' dir='ltr'>etad</span> <span class='ocrx_word' id='word_1_406' title='bbox 1852 2077 1994 2110; x_wconf 80' lang='lat' dir='ltr'>debitam</span> 
     </span>
     <span class='ocr_line' id='line_1_38' title="bbox 374 2129 1994 2171; baseline -0.001 -9"><span class='ocrx_word' id='word_1_407' title='bbox 374 2132 586 2162; x_wconf 80' lang='lat' dir='ltr'>reverentiam</span> <span class='ocrx_word' id='word_1_408' title='bbox 609 2136 748 2161; x_wconf 88' lang='lat' dir='ltr'>nostram</span> <span class='ocrx_word' id='word_1_409' title='bbox 775 2136 805 2161; x_wconf 89' lang='lat' dir='ltr'>et</span> <span class='ocrx_word' id='word_1_410' title='bbox 826 2130 963 2161; x_wconf 73' lang='lat' dir='ltr'>llomani</span> <span class='ocrx_word' id='word_1_411' title='bbox 989 2131 1111 2171; x_wconf 88' lang='lat' dir='ltr'>imperii</span> <span class='ocrx_word' id='word_1_412' title='bbox 1130 2130 1334 2164; x_wconf 75' lang='lat' dir='ltr'>reducantur.</span> <span class='ocrx_word' id='word_1_413' title='bbox 1359 2130 1524 2160; x_wconf 85' lang='lat' dir='ltr'>universos</span> <span class='ocrx_word' id='word_1_414' title='bbox 1548 2134 1579 2159; x_wconf 86' lang='lat' dir='ltr'>et</span> <span class='ocrx_word' id='word_1_415' title='bbox 1596 2129 1737 2170; x_wconf 82' lang='lat' dir='ltr'>singulos</span> <span class='ocrx_word' id='word_1_416' title='bbox 1755 2129 1839 2160; x_wconf 78' lang='lat' dir='ltr'>dicte</span> <span class='ocrx_word' id='word_1_417' title='bbox 1857 2130 1994 2160; x_wconf 81' lang='lat' dir='ltr'>civitatis</span> 
     </span>
     <span class='ocr_line' id='line_1_39' title="bbox 375 2180 1994 2223; baseline -0.001 -10"><span class='ocrx_word' id='word_1_418' title='bbox 375 2184 507 2223; x_wconf 77' lang='lat' dir='ltr'>eiusque</span> <span class='ocrx_word' id='word_1_419' title='bbox 545 2183 706 2211; x_wconf 89' lang='lat' dir='ltr'>districtus</span> <span class='ocrx_word' id='word_1_420' title='bbox 742 2183 826 2212; x_wconf 69' lang='lat' dir='ltr'>cives</span> <span class='ocrx_word' id='word_1_421' title='bbox 861 2187 893 2211; x_wconf 90' lang='lat' dir='ltr'>et</span> <span class='ocrx_word' id='word_1_422' title='bbox 926 2182 1047 2212; x_wconf 87' lang='lat' dir='ltr'>incolas</span> <span class='ocrx_word' id='word_1_423' title='bbox 1079 2186 1230 2222; x_wconf 85' lang='lat' dir='ltr'>tanquam</span> <span class='ocrx_word' id='word_1_424' title='bbox 1265 2189 1389 2211; x_wconf 85' lang='lat' dir='ltr'>nostros</span> <span class='ocrx_word' id='word_1_425' title='bbox 1420 2184 1452 2211; x_wconf 87' lang='lat' dir='ltr'>et</span> <span class='ocrx_word' id='word_1_426' title='bbox 1485 2180 1621 2211; x_wconf 85' lang='lat' dir='ltr'>Romani</span> <span class='ocrx_word' id='word_1_427' title='bbox 1657 2180 1782 2220; x_wconf 86' lang='lat' dir='ltr'>imperii</span> <span class='ocrx_word' id='word_1_428' title='bbox 1814 2180 1994 2221; x_wconf 87' lang='lat' dir='ltr'>proditores</span> 
     </span>
     <span class='ocr_line' id='line_1_40' title="bbox 374 2231 1993 2274; baseline 0 -11"><span class='ocrx_word' id='word_1_429' title='bbox 374 2242 401 2264; x_wconf 80' lang='lat' dir='ltr'>et</span> <span class='ocrx_word' id='word_1_430' title='bbox 432 2234 568 2264; x_wconf 84' lang='lat' dir='ltr'>rebelles</span> <span class='ocrx_word' id='word_1_431' title='bbox 601 2233 640 2263; x_wconf 85' lang='lat' dir='ltr'>de</span> <span class='ocrx_word' id='word_1_432' title='bbox 674 2239 740 2263; x_wconf 82' lang='lat' dir='ltr'>toto</span> <span class='ocrx_word' id='word_1_433' title='bbox 775 2233 921 2263; x_wconf 77' lang='lat' dir='ltr'>Romano</span> <span class='ocrx_word' id='word_1_434' title='bbox 952 2234 1086 2274; x_wconf 89' lang='lat' dir='ltr'>imperio</span> <span class='ocrx_word' id='word_1_435' title='bbox 1119 2233 1340 2263; x_wconf 76' lang='lat' dir='ltr'>exbannimus.</span> <span class='ocrx_word' id='word_1_436' title='bbox 1388 2232 1608 2263; x_wconf 85' lang='lat' dir='ltr'>Decernentes</span> <span class='ocrx_word' id='word_1_437' title='bbox 1632 2242 1669 2262; x_wconf 86' lang='lat' dir='ltr'>ac</span> <span class='ocrx_word' id='word_1_438' title='bbox 1694 2231 1883 2263; x_wconf 83' lang='lat' dir='ltr'>mandantes</span> <span class='ocrx_word' id='word_1_439' title='bbox 1908 2233 1993 2273; x_wconf 89' lang='lat' dir='ltr'>quod</span> 
     </span>
     <span class='ocr_line' id='line_1_41' title="bbox 375 2283 1992 2326; baseline 0.001 -12"><span class='ocrx_word' id='word_1_440' title='bbox 375 2286 457 2315; x_wconf 81' lang='lat' dir='ltr'>nulla</span> <span class='ocrx_word' id='word_1_441' title='bbox 492 2296 628 2325; x_wconf 87' lang='lat' dir='ltr'>persona</span> <span class='ocrx_word' id='word_1_442' title='bbox 663 2286 879 2326; x_wconf 84' lang='lat' dir='ltr'>cuiuscunque</span> <span class='ocrx_word' id='word_1_443' title='bbox 914 2289 1015 2315; x_wconf 83' lang='lat' dir='ltr'>status</span> <span class='ocrx_word' id='word_1_444' title='bbox 1051 2286 1167 2315; x_wconf 77' lang='lat' dir='ltr'>existat</span> <span class='ocrx_word' id='word_1_445' title='bbox 1199 2295 1256 2315; x_wconf 87' lang='lat' dir='ltr'>nce</span> <span class='ocrx_word' id='word_1_446' title='bbox 1286 2285 1393 2325; x_wconf 86' lang='lat' dir='ltr'>aliqua</span> <span class='ocrx_word' id='word_1_447' title='bbox 1424 2284 1549 2315; x_wconf 84' lang='lat' dir='ltr'>civitas.</span> <span class='ocrx_word' id='word_1_448' title='bbox 1584 2289 1722 2314; x_wconf 87' lang='lat' dir='ltr'>castrum</span> <span class='ocrx_word' id='word_1_449' title='bbox 1755 2283 1806 2313; x_wconf 84' lang='lat' dir='ltr'>vel</span> <span class='ocrx_word' id='word_1_450' title='bbox 1837 2283 1910 2314; x_wconf 83' lang='lat' dir='ltr'>villa</span> <span class='ocrx_word' id='word_1_451' title='bbox 1942 2284 1992 2315; x_wconf 81' lang='lat' dir='ltr'>vel</span> 
     </span>
     <span class='ocr_line' id='line_1_42' title="bbox 374 2334 1994 2377; baseline 0 -11"><span class='ocrx_word' id='word_1_452' title='bbox 374 2337 477 2377; x_wconf 74' lang='lat' dir='ltr'>aliqua</span> <span class='ocrx_word' id='word_1_453' title='bbox 507 2338 695 2367; x_wconf 74' lang='lat' dir='ltr'>universitas</span> <span class='ocrx_word' id='word_1_454' title='bbox 721 2337 826 2367; x_wconf 88' lang='lat' dir='ltr'>eidem</span> <span class='ocrx_word' id='word_1_455' title='bbox 853 2337 973 2367; x_wconf 81' lang='lat' dir='ltr'>civitati</span> <span class='ocrx_word' id='word_1_456' title='bbox 998 2337 1064 2366; x_wconf 88' lang='lat' dir='ltr'>sive</span> <span class='ocrx_word' id='word_1_457' title='bbox 1090 2337 1276 2367; x_wconf 85' lang='lat' dir='ltr'>eonmnitati</span> <span class='ocrx_word' id='word_1_458' title='bbox 1301 2335 1413 2366; x_wconf 82' lang='lat' dir='ltr'>l‘aduc</span> <span class='ocrx_word' id='word_1_459' title='bbox 1440 2335 1490 2365; x_wconf 81' lang='lat' dir='ltr'>vel</span> <span class='ocrx_word' id='word_1_460' title='bbox 1519 2345 1655 2375; x_wconf 88' lang='lat' dir='ltr'>persone</span> <span class='ocrx_word' id='word_1_461' title='bbox 1681 2334 1765 2365; x_wconf 84' lang='lat' dir='ltr'>dicte</span> <span class='ocrx_word' id='word_1_462' title='bbox 1791 2335 1994 2366; x_wconf 80' lang='lat' dir='ltr'>comunitatis</span> 
     </span>
     <span class='ocr_line' id='line_1_43' title="bbox 377 2386 1993 2429; baseline -0.001 -11"><span class='ocrx_word' id='word_1_463' title='bbox 377 2389 422 2417; x_wconf 68' lang='lat' dir='ltr'>rel</span> <span class='ocrx_word' id='word_1_464' title='bbox 458 2388 641 2418; x_wconf 82' lang='lat' dir='ltr'>bominibus</span> <span class='ocrx_word' id='word_1_465' title='bbox 671 2388 881 2429; x_wconf 77' lang='lat' dir='ltr'>infrascriptis</span> <span class='ocrx_word' id='word_1_466' title='bbox 913 2388 962 2418; x_wconf 71' lang='lat' dir='ltr'>vel</span> <span class='ocrx_word' id='word_1_467' title='bbox 995 2388 1090 2418; x_wconf 85' lang='lat' dir='ltr'>alicui</span> <span class='ocrx_word' id='word_1_468' title='bbox 1122 2399 1232 2418; x_wconf 91' lang='lat' dir='ltr'>eornm</span> <span class='ocrx_word' id='word_1_469' title='bbox 1265 2387 1399 2428; x_wconf 86' lang='lat' dir='ltr'>prebeat</span> <span class='ocrx_word' id='word_1_470' title='bbox 1432 2386 1558 2427; x_wconf 83' lang='lat' dir='ltr'>publice</span> <span class='ocrx_word' id='word_1_471' title='bbox 1595 2386 1645 2417; x_wconf 88' lang='lat' dir='ltr'>vel</span> <span class='ocrx_word' id='word_1_472' title='bbox 1675 2386 1797 2418; x_wconf 84' lang='lat' dir='ltr'>occulte</span> <span class='ocrx_word' id='word_1_473' title='bbox 1827 2386 1993 2425; x_wconf 82' lang='lat' dir='ltr'>auxilium,</span> 
     </span>
     <span class='ocr_line' id='line_1_44' title="bbox 376 2438 1991 2480; baseline 0.001 -13"><span class='ocrx_word' id='word_1_474' title='bbox 376 2440 539 2470; x_wconf 75' lang='lat' dir='ltr'>eonsilium</span> <span class='ocrx_word' id='word_1_475' title='bbox 569 2440 617 2470; x_wconf 81' lang='lat' dir='ltr'>vel</span> <span class='ocrx_word' id='word_1_476' title='bbox 650 2440 791 2470; x_wconf 80' lang='lat' dir='ltr'>favorem</span> <span class='ocrx_word' id='word_1_477' title='bbox 826 2440 884 2470; x_wconf 91' lang='lat' dir='ltr'>snb</span> <span class='ocrx_word' id='word_1_478' title='bbox 915 2450 995 2480; x_wconf 88' lang='lat' dir='ltr'>pena</span> <span class='ocrx_word' id='word_1_479' title='bbox 1026 2444 1153 2470; x_wconf 87' lang='lat' dir='ltr'>centum</span> <span class='ocrx_word' id='word_1_480' title='bbox 1185 2440 1336 2469; x_wconf 89' lang='lat' dir='ltr'>librarum</span> <span class='ocrx_word' id='word_1_481' title='bbox 1370 2439 1436 2469; x_wconf 86' lang='lat' dir='ltr'>anri</span> <span class='ocrx_word' id='word_1_482' title='bbox 1468 2438 1598 2468; x_wconf 79' lang='lat' dir='ltr'>cuilibet</span> <span class='ocrx_word' id='word_1_483' title='bbox 1628 2438 1748 2468; x_wconf 81' lang='lat' dir='ltr'>civitati</span> <span class='ocrx_word' id='word_1_484' title='bbox 1778 2441 1810 2468; x_wconf 86' lang='lat' dir='ltr'>et</span> <span class='ocrx_word' id='word_1_485' title='bbox 1834 2438 1991 2479; x_wconf 82' lang='lat' dir='ltr'>quinqua-</span> 
     </span>
     <span class='ocr_line' id='line_1_45' title="bbox 375 2489 1992 2528; baseline 0.001 -9"><span class='ocrx_word' id='word_1_486' title='bbox 375 2492 460 2528; x_wconf 57' lang='lat' dir='ltr'>ginta</span> <span class='ocrx_word' id='word_1_487' title='bbox 488 2491 638 2521; x_wconf 81' lang='lat' dir='ltr'>librarum</span> <span class='ocrx_word' id='word_1_488' title='bbox 665 2492 733 2522; x_wconf 86' lang='lat' dir='ltr'>auri</span> <span class='ocrx_word' id='word_1_489' title='bbox 759 2492 889 2521; x_wconf 76' lang='lat' dir='ltr'>cuilibet</span> <span class='ocrx_word' id='word_1_490' title='bbox 915 2500 1033 2522; x_wconf 82' lang='lat' dir='ltr'>castro.</span> <span class='ocrx_word' id='word_1_491' title='bbox 1059 2491 1149 2523; x_wconf 85' lang='lat' dir='ltr'>ville.</span> <span class='ocrx_word' id='word_1_492' title='bbox 1175 2491 1301 2522; x_wconf 87' lang='lat' dir='ltr'>baroni.</span> <span class='ocrx_word' id='word_1_493' title='bbox 1327 2491 1446 2521; x_wconf 83' lang='lat' dir='ltr'>comiti.</span> <span class='ocrx_word' id='word_1_494' title='bbox 1471 2489 1646 2520; x_wconf 85' lang='lat' dir='ltr'>marchioni</span> <span class='ocrx_word' id='word_1_495' title='bbox 1674 2489 1723 2520; x_wconf 90' lang='lat' dir='ltr'>vel</span> <span class='ocrx_word' id='word_1_496' title='bbox 1748 2489 1841 2520; x_wconf 81' lang='lat' dir='ltr'>alteri</span> <span class='ocrx_word' id='word_1_497' title='bbox 1864 2489 1992 2520; x_wconf 85' lang='lat' dir='ltr'>sublimi</span> 
     </span>
     <span class='ocr_line' id='line_1_46' title="bbox 377 2540 1991 2582; baseline 0.001 -12"><span class='ocrx_word' id='word_1_498' title='bbox 377 2553 511 2580; x_wconf 63' lang='lat' dir='ltr'>persone</span> <span class='ocrx_word' id='word_1_499' title='bbox 550 2551 576 2572; x_wconf 78' lang='lat' dir='ltr'>et</span> <span class='ocrx_word' id='word_1_500' title='bbox 619 2543 727 2580; x_wconf 61' lang='lat' dir='ltr'>viginti</span> <span class='ocrx_word' id='word_1_501' title='bbox 763 2543 913 2573; x_wconf 89' lang='lat' dir='ltr'>librarum</span> <span class='ocrx_word' id='word_1_502' title='bbox 951 2543 1018 2573; x_wconf 85' lang='lat' dir='ltr'>auri</span> <span class='ocrx_word' id='word_1_503' title='bbox 1052 2542 1183 2573; x_wconf 85' lang='lat' dir='ltr'>cuilibet</span> <span class='ocrx_word' id='word_1_504' title='bbox 1211 2541 1363 2581; x_wconf 66' lang='lat' dir='ltr'>singulari</span> <span class='ocrx_word' id='word_1_505' title='bbox 1396 2552 1530 2582; x_wconf 80' lang='lat' dir='ltr'>persone</span> <span class='ocrx_word' id='word_1_506' title='bbox 1569 2552 1625 2581; x_wconf 88' lang='lat' dir='ltr'>pro</span> <span class='ocrx_word' id='word_1_507' title='bbox 1654 2541 1722 2571; x_wconf 81' lang='lat' dir='ltr'>vice</span> <span class='ocrx_word' id='word_1_508' title='bbox 1757 2540 1901 2581; x_wconf 89' lang='lat' dir='ltr'>qualibet</span> <span class='ocrx_word' id='word_1_509' title='bbox 1930 2551 1991 2582; x_wconf 82' lang='lat' dir='ltr'>qua.</span> 
     </span>
     <span class='ocr_line' id='line_1_47' title="bbox 376 2594 887 2624; baseline 0.008 -4"><span class='ocrx_word' id='word_1_510' title='bbox 376 2595 619 2623; x_wconf 58' lang='lat' dir='ltr'>continfecerint</span> <span class='ocrx_word' id='word_1_511' title='bbox 649 2594 887 2624; x_wconf 77' lang='lat' dir='ltr'>committenda.</span> 
     </span>
    </p>

    <p class='ocr_par' dir='ltr' id='par_1_8' title="bbox 376 2643 1994 2788">
     <span class='ocr_line' id='line_1_48' title="bbox 484 2643 1992 2687; baseline 0 -14"><span class='ocrx_word' id='word_1_512' title='bbox 484 2650 508 2671; x_wconf 58' lang='grc' dir='ltr'>Λ</span> <span class='ocrx_word' id='word_1_513' title='bbox 526 2651 572 2673; x_wconf 70' lang='grc' dir='ltr'>[ῑιι</span> <span class='ocrx_word' id='word_1_514' title='bbox 601 2645 636 2674; x_wconf 58' lang='lat' dir='ltr'>lit</span> <span class='ocrx_word' id='word_1_515' title='bbox 665 2646 749 2685; x_wconf 68' lang='lat' dir='ltr'>quod</span> <span class='ocrx_word' id='word_1_516' title='bbox 768 2646 898 2675; x_wconf 87' lang='lat' dir='ltr'>cuilibet</span> <span class='ocrx_word' id='word_1_517' title='bbox 924 2647 962 2675; x_wconf 89' lang='lat' dir='ltr'>sit</span> <span class='ocrx_word' id='word_1_518' title='bbox 981 2644 1112 2687; x_wconf 64' lang='lat' dir='ltr'>[licitum</span> <span class='ocrx_word' id='word_1_519' title='bbox 1131 2644 1273 2685; x_wconf 64' lang='lat' dir='ltr'>impunc}</span> <span class='ocrx_word' id='word_1_520' title='bbox 1292 2645 1387 2674; x_wconf 75' lang='lat' dir='ltr'>cives.</span> <span class='ocrx_word' id='word_1_521' title='bbox 1414 2643 1531 2673; x_wconf 84' lang='lat' dir='ltr'>incolas</span> <span class='ocrx_word' id='word_1_522' title='bbox 1557 2648 1588 2674; x_wconf 88' lang='lat' dir='ltr'>et</span> <span class='ocrx_word' id='word_1_523' title='bbox 1602 2643 1801 2674; x_wconf 84' lang='lat' dir='ltr'>habitatores</span> <span class='ocrx_word' id='word_1_524' title='bbox 1818 2644 1992 2681; x_wconf 74' lang='lat' dir='ltr'>civitatum,</span> 
     </span>
     <span class='ocr_line' id='line_1_49' title="bbox 376 2692 1994 2737; baseline 0 -13"><span class='ocrx_word' id='word_1_525' title='bbox 376 2704 564 2726; x_wconf 57' lang='lat' dir='ltr'>castrorum.</span> <span class='ocrx_word' id='word_1_526' title='bbox 600 2697 743 2726; x_wconf 54' lang='lat' dir='ltr'>villarum</span> <span class='ocrx_word' id='word_1_527' title='bbox 783 2704 810 2727; x_wconf 88' lang='lat' dir='ltr'>et</span> <span class='ocrx_word' id='word_1_528' title='bbox 845 2697 1003 2737; x_wconf 76' lang='lat' dir='ltr'>quaslibet</span> <span class='ocrx_word' id='word_1_529' title='bbox 1036 2698 1115 2727; x_wconf 87' lang='lat' dir='ltr'>alias</span> <span class='ocrx_word' id='word_1_530' title='bbox 1149 2696 1336 2737; x_wconf 66' lang='lat' dir='ltr'>{singulares</span> <span class='ocrx_word' id='word_1_531' title='bbox 1368 2706 1536 2736; x_wconf 64' lang='lat' dir='ltr'>personas,</span> <span class='ocrx_word' id='word_1_532' title='bbox 1573 2692 1803 2735; x_wconf 76' lang='lat' dir='ltr'>cuiuscunque]</span> <span class='ocrx_word' id='word_1_533' title='bbox 1833 2698 1932 2725; x_wconf 73' lang='lat' dir='ltr'>status·</span> <span class='ocrx_word' id='word_1_534' title='bbox 1961 2700 1994 2725; x_wconf 87' lang='lat' dir='ltr'>et</span> 
     </span>
     <span class='ocr_line' id='line_1_50' title="bbox 376 2745 1992 2788; baseline 0.001 -14"><span class='ocrx_word' id='word_1_535' title='bbox 376 2747 566 2775; x_wconf 56' lang='lat' dir='ltr'>conditionis</span> <span class='ocrx_word' id='word_1_536' title='bbox 594 2750 741 2779; x_wconf 68' lang='lat' dir='ltr'>exi-tant.</span> <span class='ocrx_word' id='word_1_537' title='bbox 768 2760 828 2788; x_wconf 74' lang='lat' dir='ltr'>que</span> <span class='ocrx_word' id='word_1_538' title='bbox 855 2749 1023 2779; x_wconf 86' lang='lat' dir='ltr'>obedirent</span> <span class='ocrx_word' id='word_1_539' title='bbox 1049 2748 1169 2779; x_wconf 89' lang='lat' dir='ltr'>eisdem</span> <span class='ocrx_word' id='word_1_540' title='bbox 1197 2749 1245 2778; x_wconf 78' lang='lat' dir='ltr'>vel</span> <span class='ocrx_word' id='word_1_541' title='bbox 1271 2748 1365 2778; x_wconf 82' lang='lat' dir='ltr'>alicui</span> <span class='ocrx_word' id='word_1_542' title='bbox 1392 2747 1566 2777; x_wconf 84' lang='lat' dir='ltr'>eorundem</span> <span class='ocrx_word' id='word_1_543' title='bbox 1586 2746 1635 2777; x_wconf 73' lang='lat' dir='ltr'>vel</span> <span class='ocrx_word' id='word_1_544' title='bbox 1661 2746 1809 2777; x_wconf 85' lang='lat' dir='ltr'>dederint</span> <span class='ocrx_word' id='word_1_545' title='bbox 1829 2745 1992 2783; x_wconf 70' lang='lat' dir='ltr'>auxilium,</span> 
     </span>
    </p>
   </div>
   <div class='ocr_carea' id='block_1_3' title="bbox 436 2814 585 2838">
    <p class='ocr_par' dir='ltr' id='par_1_9' title="bbox 436 2814 651 2838">
     <span class='ocr_line' id='line_1_51' title="bbox 436 2814 585 2838; baseline 0.009 -3"><span class='ocrx_word' id='word_1_546' title='bbox 436 2814 525 2838; x_wconf 50' lang='grc' dir='ltr'>ειν-’.1</span> <span class='ocrx_word' id='word_1_547' title='bbox 564 2828 585 2835; x_wconf 65' lang='lat'>,.</span> 
     </span>
    </p>
   </div>
   <div class='ocr_carea' id='block_1_4' title="bbox 2013 748 2035 767">
    <p class='ocr_par' dir='ltr' id='par_1_10' title="bbox 2013 748 2035 767">
     <span class='ocr_line' id='line_1_52' title="bbox 2013 748 2035 767; baseline -0.045 0"><span class='ocrx_word' id='word_1_548' title='bbox 2013 748 2035 767; x_wconf 81' lang='lat'>10</span> 
     </span>
    </p>
   </div>
   <div class='ocr_carea' id='block_1_5' title="bbox 2014 1006 2036 1025">
    <p class='ocr_par' dir='ltr' id='par_1_11' title="bbox 2014 1006 2036 1025">
     <span class='ocr_line' id='line_1_53' title="bbox 2014 1006 2036 1025; baseline 0 0"><span class='ocrx_word' id='word_1_549' title='bbox 2014 1006 2036 1025; x_wconf 79' lang='lat'>15</span> 
     </span>
    </p>
   </div>
   <div class='ocr_carea' id='block_1_6' title="bbox 2014 1522 2038 1541">
    <p class='ocr_par' dir='ltr' id='par_1_12' title="bbox 2014 1522 2038 1541">
     <span class='ocr_line' id='line_1_54' title="bbox 2014 1522 2038 1541; baseline 0 0"><span class='ocrx_word' id='word_1_550' title='bbox 2014 1522 2038 1541; x_wconf 69' lang='lat'>23</span> 
     </span>
    </p>
   </div>
   <div class='ocr_carea' id='block_1_7' title="bbox 2014 1780 2039 1798">
    <p class='ocr_par' dir='ltr' id='par_1_13' title="bbox 2014 1780 2039 1798">
     <span class='ocr_line' id='line_1_55' title="bbox 2014 1780 2039 1798; baseline 0 0"><span class='ocrx_word' id='word_1_551' title='bbox 2014 1780 2039 1798; x_wconf 83' lang='lat'>³0</span> 
     </span>
    </p>
   </div>
   <div class='ocr_carea' id='block_1_8' title="bbox 2015 2037 2038 2055">
    <p class='ocr_par' dir='ltr' id='par_1_14' title="bbox 2015 2037 2038 2055">
     <span class='ocr_line' id='line_1_56' title="bbox 2015 2037 2038 2055; baseline 0 0"><span class='ocrx_word' id='word_1_552' title='bbox 2015 2037 2038 2055; x_wconf 74' lang='lat'>35</span> 
     </span>
    </p>
   </div>
   <div class='ocr_carea' id='block_1_9' title="bbox 2013 2294 2038 2312">
    <p class='ocr_par' dir='ltr' id='par_1_15' title="bbox 2013 2294 2038 2312">
     <span class='ocr_line' id='line_1_57' title="bbox 2013 2294 2038 2312; baseline -0.04 0"><span class='ocrx_word' id='word_1_553' title='bbox 2013 2294 2038 2312; x_wconf 67' lang='lat'>⁴0</span> 
     </span>
    </p>
   </div>
   <div class='ocr_carea' id='block_1_10' title="bbox 2011 2553 2035 2571">
    <p class='ocr_par' dir='ltr' id='par_1_16' title="bbox 2011 2553 2035 2571">
     <span class='ocr_line' id='line_1_58' title="bbox 2011 2553 2035 2571; baseline -0.042 0"><span class='ocrx_word' id='word_1_554' title='bbox 2011 2553 2035 2571; x_wconf 69' lang='lat'>{5</span> 
     </span>
    </p>
   </div>
   <div class='ocr_carea' id='block_1_11' title="bbox 2010 2829 2035 2847">
    <p class='ocr_par' dir='ltr' id='par_1_17' title="bbox 2010 2829 2035 2847">
     <span class='ocr_line' id='line_1_59' title="bbox 2010 2829 2035 2847; baseline -0.04 0"><span class='ocrx_word' id='word_1_555' title='bbox 2010 2829 2035 2847; x_wconf 76' lang='lat'>50</span> 
     </span>
    </p>
   </div>
  </div>
 </body>
</html>
