2102 3177
556 183 707 210 SCRIPTA
728 184 849 211 VARIA.
889 185 962 212 1313.
1000 186 1047 213 Nr.
1062 187 1244 215 12:39—1‘241.
1648 195 1722 224 1301

73 269 208 311 populus
225 272 257 300 et
274 279 409 300 comune
427 270 564 301 civitatis
578 270 741 302 Florenti(—
802 282 873 302 cum
891 274 1207 306 recommendatione
1224 286 1258 306 se
1275 276 1361 317 ipsos
1375 283 1504 317 paratos
1521 278 1561 309 ad
1575 288 1725 309 reveren-

73 322 150 352 tiam
174 325 207 352 et-
230 320 377 352 honores.

177 372 393 404 Felicissimos
416 384 574 406 rumores,
605 386 684 416 quos
709 375 857 406 dominus
883 376 995 407 Ihesus
1020 378 1146 409 Kristus
1170 379 1210 410 de
1234 380 1299 411 alto
1324 380 1416 411 nobis
1439 381 1574 423 aliisque
1600 381 1724 412 devotis

71 428 179 456 sancte
203 426 313 456 matris
338 425 484 462 ecclesie.
509 427 592 457 veris
617 435 649 458 et
672 427 821 458 fidelibus
839 428 1010 461 kristianis.
1036 434 1192 471 oportuna
1209 433 1417 473 prospiciens,
1443 443 1570 464 causam
1590 433 1723 464 nichilo-

38 487 52 506 5
69 477 173 508 minus
196 477 359 518 propriam
382 477 608 518 prosequendo
634 479 759 509 noviter
783 481 978 520 preparavit.
1004 481 1094 512 vobis
1118 486 1270 524 tanquam
1295 485 1378 525 patri
1402 485 1554 526 precipuo
1579 485 1619 515 ad
1644 496 1723 526 gau-

71 528 157 559 dium
179 532 291 559 tenore
315 529 512 569 presentium
529 530 722 561 nuntiamus.
763 530 925 562 Videlicet·
950 533 1035 573 quod
1060 534 1202 565 tirannus
1225 535 1280 566 ille
1305 540 1365 566 etc.
1401 541 1443 567 ut
1466 547 1580 577 supra
1605 547 1723 578 usque

69 579 117 612 ad
140 580 274 611 finem.

175 631 261 663 Data
285 631 337 663 die
362 632 516 673 predicta.

174 710 312 740 Domino
338 709 511 741 Guillelmo
536 709 644 742 Sancti
668 711 803 753 Nicolay
827 713 857 743 in
883 723 1012 744 carcere
1036 713 1183 745 Tulliano
1209 714 1344 746 diacono
1370 716 1523 747 cardinali

30 775 53 795 ιο
176 762 316 793 Domino
339 761 523 803 Napoleoni
547 761 655 793 Sancti
678 763 813 795 Adriani
839 764 974 795 diacono
999 765 1155 796 cardinali

174 813 312 844 Domino
336 813 482 845 Arnaldo
506 814 624 845 Sancte
649 814 750 846 Marie
775 816 806 846 in
831 815 962 847 Porticu
987 817 1121 848 diacono
1147 818 1300 849 cardinali

173 865 312 897 Domino
337 866 424 897 Luce
450 865 566 897 Sancte
591 865 693 897 Mario
718 867 748 897 in
773 867 834 898 Via
859 868 923 898 lata
949 868 1084 900 diacono
1109 869 1272 900 cardinali.

206 993 304 1026 1241.
339 994 583 1025 LITTERAE
606 994 725 1026 COMI
726 995 777 1026 TI
797 995 866 1026 DE
886 995 1216 1030 WJRTEMBERG
1239 998 1423 1030 MISSAE.
1470 1000 1553 1039 Sept.
1565 1000 1581 1031 ?

167 1055 272 1095 Apud
293 1055 436 1086 Bonaz‘ni
458 1054 477 1086 ἶ.
501 1066 525 1086 c.
550 1055 599 1092 ΙΙ,
612 1057 656 1086 27
658 1057 676 1085 9
699 1066 749 1087 nr.
766 1058 830 1086 366
853 1067 891 1087 ese
914 1056 940 1087 Ε
964 1068 1013 1088 nr.
1032 1060 1082 1090 73,
1128 1058 1170 1089 In
1193 1059 1396 1091 adnotatione
1418 1061 1570 1099 ponimns
1598 1061 1721 1093 litteras

25 1119 48 1139 1⁵
65 1110 144 1139 certe
173 1107 270 1139 eidem
301 1107 407 1139 comiti
436 1117 466 1138 α.
488 1108 583 1140 1313.
611 1109 690 1147 Apr.
711 1109 763 1139 25.
798 1108 912 1139 missas
941 1109 985 1139 ad
1012 1109 1141 1141 candem
1172 1110 1338 1142 editionem
1368 1111 1415 1148 II.
1432 1113 1497 1142 247
1523 1123 1573 1144 nr.
1589 1114 1652 1143 321
1682 1124 1721 1144 esc

65 1158 92 1190 E
114 1169 164 1190 nr.
181 1160 252 1190 171.
1427 1163 1479 1195 (P.
1505 1165 1612 1198 deest.)

171 1237 344 1278 Magnifico
370 1240 402 1268 et
425 1237 550 1278 potenti
574 1237 641 1268 viro
667 1237 796 1268 domino
821 1237 988 1269 Eberardo
1013 1239 1075 1269 Dei
1100 1240 1204 1280 gratia
1228 1241 1336 1270 comiti
1354 1240 1614 1281 Wurtfflnberch.
1639 1244 1718 1273 ami—

65 1299 173 1320 corum
208 1300 338 1320 suorum
375 1289 539 1320 carissimo
574 1289 683 1320 debite
716 1289 903 1321 honorando
992 1291 1130 1322 Iacobus
1164 1291 1324 1323 Cantelmi
1358 1293 1450 1324 miles
1486 1294 1576 1334 regni
1611 1294 1718 1325 Sicilie

63 1342 216 1383 magister
244 1342 444 1382 panettarius
477 1341 628 1373 vicariuS.
660 1341 783 1382 priores
812 1342 929 1372 artium
960 1345 992 1373 ct
1016 1343 1177 1374 vexillifer
1201 1344 1335 1376 iustitie.
1369 1345 1549 1377 consilium.
1581 1346 1719 1387 populus

23 1407 48 1427 so
66 1396 99 1425 et
120 1403 255 1424 comune
279 1393 416 1424 civitatis
439 1392 604 1424 Florentie
682 1393 820 1424 salutem
845 1401 877 1425 et
900 1393 1055 1425 honorum
1081 1398 1192 1435 optata
1216 1400 1248 1426 et
1272 1395 1379 1426 felicia
1402 1397 1608 1428 incrementa.

170 1445 409 1486 Magnificentie
435 1448 538 1476 vestre
562 1444 692 1475 lieteras
717 1444 842 1475 delatas
866 1445 957 1476 nobis
987 1456 1045 1486 per
1069 1447 1237 1487 egregium
1262 1452 1294 1477 et
1318 1447 1459 1478 nobilem
1483 1449 1585 1479 virum
1609 1447 1717 1490 Egge-

63 1496 188 1528 bertum
212 1496 331 1527 dictum
356 1496 397 1527 de
419 1495 642 1537 Agemberch,
673 1495 866 1527 familiarem
891 1501 922 1527 et
952 1498 1161 1528 secretarium
1186 1503 1335 1530 vestrum.
1361 1499 1496 1530 latorem
1521 1501 1717 1541 presentium

61 1549 229 1590 ipsumque
253 1547 476 1590 Eggebertum
507 1548 706 1589 suscepimus
736 1548 858 1579 honore
889 1559 952 1589 quo
982 1549 1090 1580 decuit
1121 1554 1153 1580 et
1183 1561 1291 1581 earum
1321 1556 1466 1582 tenorem
1492 1558 1523 1583 et
1547 1553 1643 1582 ctiam
1669 1563 1717 1584 ea.

63 1610 124 1642 que
147 1601 216 1642 ipse
239 1601 287 1631 vir
309 1600 449 1641 prudens
472 1610 530 1641 pro
555 1604 648 1641 parte
672 1604 780 1630 vestra
804 1610 911 1631 coram
937 1601 1029 1631 nobis
1053 1601 1161 1632 retulit
1190 1611 1221 1632 et
1252 1603 1402 1643 exposuit
1426 1603 1496 1633 viva
1521 1614 1613 1636 voce.
1646 1603 1716 1634 dili-

21 1667 44 1687 25
63 1655 175 1693 genter
197 1651 416 1682 intelleximus
440 1655 473 1682 et
495 1651 642 1683 libenter.
690 1651 813 1688 Quibus
836 1653 880 1683 sic
905 1653 1102 1693 providimus
1119 1653 1389 1695 respondendum.
1416 1655 1501 1696 quod
1519 1656 1549 1686 in
1566 1656 1716 1686 missione

63 1703 138 1735 dicti
167 1704 333 1735 familiaris
361 1705 459 1735 vestri
491 1708 523 1735 et
556 1705 587 1735 in
618 1709 728 1736 tenore
759 1705 943 1735 lieterarum
974 1709 1152 1736 vestrarum
1183 1709 1214 1736 et
1242 1706 1273 1736 in
1306 1706 1460 1747 expositis
1492 1718 1548 1748 per
1578 1707 1715 1738 eundem

61 1755 288 1788 liberalitatem
305 1760 338 1787 et
353 1755 558 1788 affectionem
571 1760 721 1796 vestram,
739 1767 834 1798 quam
853 1756 893 1787 ad
911 1757 1149 1788 serenissimum
1166 1758 1343 1798 principem
1361 1758 1524 1789 dominum
1539 1758 1715 1790 Robertum

61 1807 237 1838 Ierusalem
261 1811 295 1839 et
318 1807 426 1839 Sicilie
450 1818 562 1849 regem
586 1819 643 1839 nos
667 1809 814 1849 aliosque
840 1808 974 1839 devotos
998 1812 1107 1839 sancte
1132 1809 1242 1839 matris
1267 1809 1414 1848 ecclesie,
1440 1811 1493 1850 qui
1518 1810 1622 1841 Guelfi
1646 1810 1715 1841 vul-

61 1859 179 1900 gariter
201 1859 416 1901 appellantur,
439 1860 552 1901 geritis
575 1864 608 1891 et
630 1860 768 1897 habetis.
793 1860 999 1901 cognovimus
1016 1860 1196 1891 manifeste.
1235 1860 1285 1891 De
1304 1861 1416 1902 quibus
1433 1866 1571 1892 vestram
1588 1863 1715 1902 sapien-

21 1925 45 1946 ³⁰
61 1911 136 1942 tiam
152 1911 405 1953 industriamque
421 1911 578 1943 solicitam
594 1912 815 1953 multipliciter
832 1911 1104 1952 commendantes.
1119 1911 1209 1942 vobis
1225 1912 1342 1943 exinde
1359 1913 1533 1953 gratiarum
1548 1913 1715 1944 referimus

61 1964 206 2004 copiosas
223 1967 257 1995 et
272 1963 466 2004 multiplices
487 1965 640 2003 actiones,
667 1968 803 2005 quantas
828 1974 996 2005 possumus
1021 1968 1053 1994 et
1074 1963 1241 2001 debemus.
1265 1964 1305 1995 ad
1329 1968 1433 1995 vestra
1455 1964 1659 2005 beneplacita
1683 1970 1715 1996 ct

60 2014 196 2046 honores
218 2026 276 2046 nos
301 2018 333 2047 et
355 2018 463 2046 nostra
486 2015 588 2047 libere
613 2015 795 2047 offerentes.
842 2015 883 2046 Et
908 2015 993 2056 quod
1018 2015 1093 2045 licet
1116 2019 1273 2046 terrarum
1296 2027 1353 2046 nos
1375 2016 1536 2057 disiungat
1553 2016 1713 2047 distantia.

61 2065 207 2097 cordibus
230 2070 340 2099 tamen
364 2069 480 2098 nostris
503 2068 712 2108 firmavimus7
742 2067 833 2098 vobis
858 2074 1014 2108 perpetuo
1041 2067 1163 2098 eisdem
1197 2067 1367 2098 affectibus
1398 2072 1430 2099 et
1453 2068 1620 2099 effectibus
1644 2079 1713 2099 esse

62 2119 198 2159 proximi
223 2122 255 2150 et
279 2120 441 2151 coniuncti
465 2123 497 2151 et
520 2121 695 2151 amicitiam
721 2124 753 2151 et
777 2120 1012 2151 fraternitatem
1038 2124 1192 2159 vestram
1222 2130 1316 2160 quam
1342 2120 1538 2150 carissimam
1562 2121 1712 2160 gerinum.

21 2183 44 2203 ³⁵
60 2169 150 2201 nobis
173 2171 272 2212 gratis
296 2181 424 2213 semper
447 2172 626 2203 actionibus
651 2172 732 2203 duce
750 2172 888 2203 Domino
906 2182 1106 2203 conservare.
1144 2171 1186 2202 Et
1209 2171 1295 2212 quod
1318 2172 1417 2212 ipsius
1434 2171 1599 2202 familiaris
1616 2173 1712 2202 vostri

162 2257 188 2288 1)
207 2256 310 2283 Comiti
330 2256 457 2291 predicto
511 2265 543 2284 ex
563 2260 643 2291 parte
663 2257 786 2284 comunis
841 2258 961 2284 salutem
981 2259 1009 2284 et
1028 2257 1164 2283 honorum
1183 2256 1277 2283 felicia
1297 2257 1476 2283 incrementa.

160 2299 242 2326 Licet
260 2302 397 2327 terrarum
417 2300 554 2328 distantia
573 2310 621 2327 nos
641 2301 800 2335 disiungat,
821 2304 1010 2327 verumtamen
1029 2310 1061 2327 ex
1081 2300 1165 2326 solius
1185 2300 1366 2326 liberalitatis
1386 2303 1414 2327 et
1433 2300 1601 2326 curialitatis
1623 2304 1712 2327 vestre

60 2341 234 2376 plenitudine
253 2346 345 2370 tracta
364 2343 443 2370 firma.
461 2343 563 2370 fiducia
583 2346 610 2370 et
629 2345 716 2371 etiarn
740 2344 928 2375 considerato.
953 2344 1026 2378 quod
1047 2353 1093 2369 vos
1112 2346 1141 2370 et
1159 2353 1208 2370 nos
1228 2346 1323 2370 contra
1343 2343 1491 2369 tiramnum
1512 2343 1590 2369 illum
1611 2352 1711 2377 regem.

61 2387 181 2413 vestrum
199 2386 396 2417 adversarium,
416 2387 452 2414 ad
466 2397 550 2414 unum
564 2387 645 2414 finem
659 2388 798 2414 tendimus
817 2390 845 2415 et
864 2388 1001 2418 effectum,
1021 2396 1114 2413 secure
1133 2387 1169 2413 ad
1188 2386 1424 2420 magnificentiam
1438 2389 1558 2412 vestram
1572 2386 1712 2413 mictimus

19 2440 44 2460 ⁴⁰
62 2435 154 2462 preces
176 2432 284 2457 nostras
307 2430 402 2464 sicque
427 2439 490 2457 cum
513 2430 547 2458 de
570 2431 700 2465 partibus
720 2431 866 2457 Alamanie
890 2434 975 2464 atque
994 2430 1106 2457 Boemie
1132 2439 1147 2456 a
1168 2430 1246 2455 vobis
1265 2430 1451 2456 desideremus
1470 2430 1573 2456 habere
1590 2438 1711 2456 rumores

61 2479 152 2499 ornnes
171 2475 200 2500 et
217 2473 342 2508 singulos
361 2474 512 2501 existentes
530 2474 560 2500 in
579 2475 708 2508 partibus
732 2475 882 2501 antedictis
907 2477 935 2501 et
960 2474 1079 2500 maxime
1098 2473 1121 2499 si
1140 2476 1237 2507 gentes
1257 2476 1285 2499 et
1304 2482 1357 2506 quc
1376 2476 1405 2499 et
1423 2475 1491 2506 quot
1511 2476 1655 2506 par-antur.
1681 2476 1710 2499 ut

61 2515 174 2542 veniant
198 2516 227 2543 in
249 2516 386 2543 auxilium
411 2517 481 2544 dieti
504 2517 590 2552 regiS‚
615 2520 644 2544 et
670 2517 699 2544 in
718 2526 772 2551 quo
792 2520 868 2544 statu
888 2520 952 2544 sunt
971 2517 1104 2543 officiales
1123 2519 1151 2543 et
1172 2516 1268 2543 vicarii
1288 2516 1357 2550 regii
1378 2516 1406 2542 in
1426 2516 1574 2542 Alamania
1592 2518 1621 2543 et
1639 2516 1710 2542 tilius

60 2556 89 2584 in
106 2558 227 2591 Boemia,
281 2560 519 2594 magnificentiam
539 2563 668 2589 vestram.
689 2570 772 2594 quam
792 2561 871 2587 nobis
891 2561 1062 2587 carissimam
1083 2560 1205 2594 gerimus
1223 2562 1252 2585 et
1270 2559 1412 2589 hahemus,
1433 2559 1582 2585 affectuose
1594 2559 1709 2592 requiri-

60 2608 119 2627 mus
137 2604 166 2629 et
183 2611 339 2636 precamur,
366 2604 498 2637 quatinus
521 2604 614 2630 onmia
638 2606 666 2630 et
690 2604 802 2638 singula
826 2613 909 2633 nova.
935 2613 988 2637 que
1014 2603 1125 2630 habetis
1150 2603 1183 2629 de
1207 2602 1340 2636 predictis
1361 2605 1387 2628 et
1408 2602 1471 2628 aliis
1490 2602 1710 2635 quibuscumque

19 2651 44 2672 45
60 2643 215 2677 scribenda,
240 2646 320 2673 nobis
344 2655 395 2680 per
412 2649 519 2674 vestras
544 2647 657 2674 licteras
680 2647 763 2673 latori
786 2646 955 2680 presentium
975 2646 1146 2673 exhibendas
1165 2647 1193 2671 et
1212 2645 1297 2671 etiam
1318 2654 1366 2678 per
1384 2644 1454 2671 alios
1474 2647 1578 2671 vestros
1598 2645 1709 2671 nuntios

0 2683 1 2687 ¹
60 2687 211 2715 successive
231 2688 259 2715 in
278 2692 422 2724 posterum
441 2689 600 2722 declaretis,
620 2690 722 2716 nostris
741 2690 871 2724 precibus
890 2692 918 2716 et
936 2689 1030 2724 gratia
1049 2688 1178 2723 speciali.
1198 2689 1246 2721 qui
1267 2688 1359 2722 parati
1378 2697 1471 2714 sumus
1490 2688 1565 2714 omni
1585 2691 1709 2722 tempore

60 2729 95 2756 ad
116 2731 208 2758 omnia
232 2735 324 2760 vestra
348 2733 528 2768 beneplacita
552 2736 580 2760 et
604 2733 728 2760 honores.
772 2733 877 2763 Quibus
901 2733 999 2759 vestris
1028 2732 1133 2759 nuntiis
1160 2732 1193 2758 de
1218 2732 1313 2758 labore
1337 2740 1386 2757 suo
1413 2730 1541 2757 satisfieri
1567 2731 1711 2759 curialiter

59 2771 198 2801 faciemus

162 2818 234 2846 Data
253 2819 400 2850 florentie,
420 2819 464 2847 die
484 2819 569 2847 XXV.
590 2820 690 2847 mensis
710 2819 821 2853 Aprilis,
842 2819 888 2845 XI.
908 2818 1077 2845 indictionis.
