2102 3177
41 502 51 520 5

29 764 51 783 10

26 1023 48 1042 15

23 1538 46 1557 25

19 2058 43 2077 35

19 2316 43 2335 4⁰

19 2575 42 2595 45

19 2847 43 2865 50

469 200 633 228 HEINRIOE
655 202 713 229 VIL
734 204 1057 232 (JONS'l'lTUTIONl-IS.
1095 206 1168 232 1:313.
1206 206 1325 233 Niasffi.
1664 214 1724 241 aiot}

179 283 340 316 Henricus
365 286 471 317 divina
496 288 623 319 favente
649 290 824 321 clemencia
845 292 1060 324 li'omanorum
1086 294 1259 334 imperator
1283 305 1411 336 semper
1436 305 1588 335 augustus
1656 300 1723 328 uni-

71 336 169 366 versis
193 337 274 367 sacri
299 336 436 368 Romani
468 340 593 380 imperii
617 341 767 372 fidelibus
798 350 962 383 presentes
994 346 1115 375 litteras
1145 346 1334 386 inspecturis
1403 349 1542 385 graciam
1573 360 1662 380 suum
1693 354 1724 379 et

72 398 165 418 omne
191 387 318 419 bonum.

182 443 206 470 1.
236 440 278 471 Et
308 442 460 472 virtutum
496 445 619 483 premia
652 444 934 477 benemerentibus
970 448 1062 478 tribui
1101 453 1251 489 opportet
1287 454 1319 480 01
1350 461 1405 480 eos
1436 453 1600 491 potissime
1631 453 1720 483 deret

71 491 312 531 gratiosioribus
337 493 502 524 beneficiis
526 495 694 535 illustraret
721 509 800 537 quos
825 503 950 529 eonstat
974 501 1003 529 iu
1029 501 1167 540 puritate
1193 502 1266 532 fidei
1293 506 1323 531 et
1343 503 1488 542 puritatis
1513 504 1575 534 tide
1602 504 1723 535 dim-ius

72 546 103 573 et
127 545 323 575 constantius
348 546 570 585 permansisse.
618 548 701 578 Sane
726 559 788 579 11011
814 550 949 580 obduxit
974 551 1106 585 oblivio,
1137 553 1191 582 sed
1223 554 1423 584 eontinuaeio
1456 556 1601 586 omnibus
1632 562 1721 597 pate-

71 595 155 633 fecit⁷
173 599 292 636 quanta
310 607 367 637 per
384 608 517 628 comune
536 601 568 628 01
585 598 730 629 homines
747 600 922 631 Ianuenses
941 613 1017 641 erga
1034 603 1214 634 Rmnauum
1233 606 1401 645 imperium
1420 607 1525 636 extitit
1550 607 1623 637 fidei
1648 620 1722 638 eon-

70 647 200 685 stancia,
225 648 335 678 intime
357 648 536 680 affectionis
553 653 800 691 perseverancia
817 654 934 684 nedum
952 655 1139 695 tranquillis.
1165 667 1273 686 verum
1299 658 1398 688 eciam
1418 659 1616 699 temporibus
1633 660 1724 690 nubi-

69 699 153 730 losis.
199 698 400 730 Racionabili
433 711 510 742 ergo
540 703 704 734 voluntate
739 704 930 743 inducimur„
964 710 999 737 ut
1031 708 1076 737 eis
1108 708 1197 746 larga
1226 720 1320 739 manu
1351 711 1471 747 gratias
1501 712 1658 749 gratiosas
1683 712 1723 742 110

69 751 242 791 imperialis
267 752 464 783 celsitudinis
487 755 610 794 gremio
636 755 820 796 largiamur.

175 804 202 833 2.
227 803 378 835 Firmiter
401 805 498 845 igitur
521 810 631 837 tenore
650 808 845 847 presentium
871 810 1094 840 confirmamus
1120 822 1229 842 omnes
1255 814 1443 853 emptiones,
1470 814 1663 846 donaciones
1688 819 1720 846 et

68 854 275 895 aquisitiones
298 856 365 887 sine
390 857 471 887 vicio
496 868 555 898 per
578 869 713 890 comune
741 860 838 891 [anuo
863 872 919 891 seu
945 861 1042 892 alium
1067 864 1194 894 nomine
1219 865 1316 904 ipsius
1341 865 1455 901 faetus,
1485 877 1546 896 nou
1572 867 1720 899 obstante

69 905 151 946 quod
176 916 227 936 res
250 907 319 947 ipse
343 908 404 938 sint
429 909 574 940 feudales
607 914 639 941 et
670 911 755 952 quod
786 912 847 942 sint
877 913 943 943 sine
975 924 1130 944 consensu
1163 916 1313 957 principis
1342 918 1487 957 aquisite.
1536 919 1585 949 lta
1615 924 1723 951 tamen

68 957 152 998 quod
177 968 311 990 comune
336 959 436 991 Ianue
464 964 613 992 teneatur
642 964 829 994 nominatim
855 965 1018 1005 requirere
1052 969 1083 996 01
1113 968 1260 1007 accipere
1292 969 1510 1000 investituram
1536 982 1554 1000 a
1578 972 1721 1012 principe

68 1012 99 1040 et
122 1009 229 1041 facere
254 1011 282 1041 ei
303 1010 494 1043 fidelitatem
518 1024 575 1054 pro
601 1015 677 1055 ipsis
701 1015 796 1045 rebus
821 1019 853 1045 et
877 1017 963 1057 quod
981 1022 1127 1048 teneatur
1151 1019 1191 1049 ad
1210 1020 1353 1057 servicia,
1379 1021 1418 1051 ad
1444 1032 1506 1062 que
1531 1023 1722 1054 tenebantur

69 1061 122 1101 illi,
146 1072 164 1092 a
189 1062 304 1102 quibus
329 1063 448 1094 dictum
474 1076 609 1096 comune
635 1066 735 1097 lauue
760 1078 889 1098 eausam
916 1068 1025 1099 habet.

1736 815 1766 829 nr.
1778 814 1816 830 ⁴3:¹⁴

174 1116 201 1144 3.
227 1113 384 1146 Volumus
413 1116 513 1147 eciam
540 1117 625 1158 quod
651 1119 681 1148 in
710 1119 850 1159 petendo
884 1124 916 1150 et
945 1122 1170 1162 consequemlo
1201 1124 1283 1159 iura,
1318 1136 1379 1165 que
1411 1125 1508 1156 habet
1541 1131 1572 1157 et
1597 1127 1780 1160 1011101011.

67 1166 229 1196 consuevit
253 1175 387 1197 comune
412 1167 512 1199 Ianue
536 1169 567 1199 in
592 1169 687 1200 rebus
712 1170 966 1212 quilniscumque
991 1173 1202 1204 existentibus
1227 1175 1308 1205 ultra
1333 1187 1431 1209 mare.
1462 1188 1523 1207 non
1549 1178 1629 1209 obsit
1661 1180 1719 1220 ipsi

67 1218 191 1247 comuni
208 1217 315 1258 aliqua
331 1220 521 1260 prescriptio
539 1231 595 1251 seu
612 1225 809 1253 transcursus
826 1225 980 1264 temporis
998 1225 1234 1266 cuiuscumque.
1269 1227 1300 1257 ln
1319 1228 1412 1258 rebus
1429 1233 1535 1259 autem
1555 1231 1718 1261 existenti-

67 1268 123 1299 bus
152 1269 231 1300 citra
260 1281 349 1301 mare
378 1276 582 1313 computetur
610 1278 720 1305 eontra
751 1274 870 1306 dictum
905 1286 1039 1307 0011111110
1071 1277 1271 1308 solummodo
1302 1284 1428 1310 centum
1459 1291 1613 1311 annorum
1646 1293 1718 1322 pre<

65 1321 203 1362 scriptio,
228 1321 379 1353 videlieet
403 1324 434 1354 in
458 1326 744 1366 proscriptionibus
769 1327 983 1367 pendentibus
1009 1332 1040 1358 et
1064 1328 1187 1359 futuris.

170 1376 199 1404 4.
228 1374 311 1405 Item
342 1375 526 1407 ordinamus
561 1378 647 1418 quod
677 1379 880 1419 privilegium
914 1390 971 1420 per
1003 1391 1059 1411 nos
1092 1380 1202 1411 datum
1233 1382 1429 1413 Franciselio
1465 1385 1640 1415 mai-ebioni
1676 1386 1779 1416 ‹le·.:.

65 1424 272 1457 Oravexana¹
296 1427 417 1458 nullum
443 1428 540 1459 faciat
564 1430 775 1470 preiudieiuni
800 1433 925 1461 comuni
951 1431 1050 1462 Ianue
1080 1443 1136 1463 seu
1167 1434 1347 1464 bominibus
1381 1435 1541 1466 districtus
1565 1437 1662 1477 ipsius
1687 1441 1718 1467 et

65 1480 215 1517 quantum
245 1478 286 1509 ad
317 1479 386 1510 iura
410 1481 553 1511 comunis
579 1482 676 1512 lanue
708 1486 740 1513 et
774 1483 938 1514 hominum
971 1483 1131 1515 districtus
1162 1486 1260 1526 ipsius
1285 1488 1428 1517 comunis
1451 1488 1491 1517 sit
1516 1489 1544 1517 iu
1571 1499 1608 1517 eo
1633 1493 1716 1519 statu

66 1528 183 1560 dictum
207 1531 420 1572 privilegium,
445 1533 476 1562 in
501 1543 563 1574 quo
589 1538 658 1564 erat
682 1538 827 1575 tempore
853 1546 915 1576 quo
942 1536 1068 1566 Italiam
1094 1537 1289 1568 intravimus.

171 1584 199 1612 5.
223 1582 380 1614 Preterea
404 1583 606 1616 decernimus
631 1586 716 1627 quod
742 1597 799 1627 per
822 1587 952 1628 aliquod
970 1589 1157 1629 rescriptum
1176 1590 1225 1619 vel
1251 1590 1452 1631 privilegium
1479 1602 1534 1631 per
1558 1602 1614 1622 nos
1639 1602 1713 1622 01111-
1777 1614 1781 1618 -

65 1643 187 1664 cessum
216 1634 267 1666 vel
297 1636 518 1667 confirmatum
545 1637 594 1668 vel
622 1638 763 1679 aliquam
797 1640 1037 1670 concessionem
1064 1641 1113 1671 vel
1142 1641 1282 1682 aliquam
1315 1643 1589 1673 confirmatione-ni
1621 1644 1717 1674 alieui

64 1686 247 1717 comunitati
277 1687 327 1718 vel
358 1688 511 1729 singulari
539 1700 676 1730 persone
706 1690 823 1721 factam
858 1702 919 1721 non
957 1692 1155 1733 intelligatur
1188 1704 1244 1723 nee
1275 1694 1315 1724 sit
1352 1695 1470 1724 lactum
1508 1695 1716 1735 preiudieiuin

62 1737 183 1769 iuribus
206 1740 349 1770 comunis
373 1740 473 1772 Ianne
498 1751 555 1772 seu
579 1741 775 1781 hominibus,
808 1744 901 1774 terris
925 1743 975 1774 vel
1006 1744 1083 1775 locis
1115 1756 1175 1785 que
1200 1748 1348 1776 tenentur
1372 1746 1413 1776 ab
1442 1747 1509 1787 ipso
1535 1748 1660 1777 comuni
1685 1751 1717 1777 et

64 1789 148 1830 quod
172 1791 240 1821 iura
263 1791 362 1832 ipsius
386 1794 530 1823 comunis
554 1797 586 1825 01
609 1794 773 1825 11011111111111
802 1795 864 1826 sint
892 1796 983 1826 illesa
1013 1807 1032 1826 a
1064 1796 1156 1826 dietis
1180 1797 1369 1838 privilegiis⁷
1402 1799 1659 1829 concessionibus
1684 1803 1715 1829 01

63 1842 369 1884 confirmationibus,
403 1845 676 1885 quemadmodum
708 1850 798 1878 erant
828 1850 973 1888 tempore
1005 1859 1066 1889 quo
1103 1848 1241 1879 Ytaliam
1273 1850 1474 1887 intravimus„
1511 1851 1598 1880 salvo
1630 1852 1713 1881 omui

63 1893 130 1925 iure
153 1894 288 1936 imperii.

167 1948 195 1977 6.
221 1947 303 1978 Sane
329 1958 391 1978 non
415 1948 609 1980 intendimus
634 1951 719 1991 quod
744 1951 826 1981 infra
850 1954 977 1991 tenipus
995 1951 1225 1982 dcuniuauimis
1242 1953 1376 1983 vicennii
1402 1953 1493 1983 uobis
1518 1964 1670 1984 eom-esse
1696 1965 1714 1983 a,

63 1998 186 2028 comuni
211 2002 242 2029 et
266 1999 384 2040 populo
402 1999 501 2031 Ianne
526 2001 642 2042 aliquis
666 2002 741 2033 civis
766 2003 815 2033 vel
840 2002 991 2033 oriundus
1015 2014 1034 2033 a
1052 2003 1155 2034 [mrvo
1181 2014 1279 2044 usque
1298 2004 1490 2034 Monaeluun
1516 2005 1555 2034 sit
1577 2006 1712 2035 vivarius

62 2049 92 2079 in
116 2050 243 2082 civitate
267 2051 367 2082 Ianue
392 2063 448 2092 pro
477 2052 578 2084 nobis.
618 2053 687 2084 Nee
712 2055 809 2085 etiam
835 2054 1028 2085 intendimus
1056 2055 1141 2096 quod
1173 2056 1279 2096 alique
1305 2056 1421 2086 viearie
1451 2067 1505 2087 seu
1539 2058 1712 2096 potestarie
1741 2070 1776 2088 .·..

61 2101 246 2142 riperiarum
270 2106 325 2134 aut
349 2104 535 2135 castellanie
560 2105 813 2147 quibuscumque
839 2117 990 2137 concesse
1015 2107 1064 2137 vel
1090 2107 1298 2137 coneedendo
1332 2107 1446 2137 durent
1477 2107 1559 2137 ultra
1585 2113 1712 2147 tempus

61 2162 117 2184 sex
139 2155 296 2186 mensium
320 2156 371 2186 vel
395 2157 487 2187 unius
511 2158 583 2187 anni
609 2157 649 2188 ad
674 2158 753 2198 plus.

168 2209 194 2238 7.
221 2206 392 2238 Cassamus
417 2214 524 2239 autem
551 2212 583 2240 et
607 2210 767 2241 irritamus
792 2220 902 2240 onmes
928 2210 1040 2241 laudes
1065 2214 1096 2241 01
1121 2212 1300 2241 sentencias
1326 2211 1406 2240 latas
1431 2222 1488 2250 per
1505 2211 1625 2241 iudices
1650 2222 1706 2242 seu

61 2256 220 2289 auditores
244 2259 316 2290 aule
344 2264 451 2291 nostre
476 2265 508 2292 et
533 2272 643 2292 omnes
669 2273 836 2303 processus
862 2262 963 2293 factos
987 2266 1097 2293 eontra
1122 2274 1256 2293 comune
1287 2264 1393 2295 lanne.
1420 2268 1586 2304 postquam
1612 2265 1708 2294 intru-

60 2309 160 2339 vimus
188 2310 323 2342 Ianuam
353 2322 454 2353 usque
487 2312 528 2343 ad
560 2313 763 2344 undecimum
798 2314 883 2345 (110111
912 2314 1079 2345 Februarii
1117 2316 1284 2345 occasione
1314 2315 1512 2344 eontumaeie
1548 2326 1602 2345 seu
1635 2316 1709 2355 quia

62 2359 178 2392 dictum
207 2372 341 2394 comune
370 2374 431 2394 non
463 2364 540 2395 faita
565 2365 747 2401 (101011511111Ἴ
779 2367 933 2397 restitutis
958 2367 1108 2407 expensis
1132 2366 1193 2396 illis
1217 2367 1269 2407 qui
1296 2370 1405 2396 00111111
1431 2366 1548 2396 dietum
1575 2378 1708 2398 eomune

61 2411 160 2444 dictas
183 2416 400 2446 contumacias
425 2419 458 2447 et
481 2427 647 2457 processus
672 2417 853 2448 habuerunt
877 2421 909 2449 01
934 2418 1149 2449 obtinuerunt.

1727 2323 1785 2342 Febr.
1800 2326 1830 2344 11.

165 2466 193 2496 8.
217 2465 286 2497 Nec
311 2467 413 2498 eciam
437 2468 631 2499 intendimus
660 2469 745 2510 quod
775 2470 890 2510 aliquis
914 2474 1073 2500 mereator
1101 2470 1249 2501 forensis.
1280 2470 1367 2499 euius
1399 2470 1510 2499 civitas
1541 2470 1590 2499 vel
1624 2474 1708 2501 terra
1727 2486 1741 2499 κ
1766 2496 1771 2502 .

60 2515 100 2546 sit
128 2516 159 2546 in
182 2517 366 2549 obedientia
396 2524 517 2559 nostra,
551 2522 651 2561 possit
675 2521 725 2551 vel
755 2521 875 2552 debeat
905 2523 933 2551 iu
972 2522 1099 2552 civitate
1133 2522 1227 2551 laune
1257 2521 1387 2551 realiter
1416 2521 1464 2550 vel
1499 2522 1710 2561 personaliter

60 2567 221 2609 impediri,
252 2570 416 2602 molestari
439 2572 489 2603 vcl
521 2572 657 2603 detineri
684 2584 740 2614 pro
765 2574 873 2614 aliquo
899 2574 983 2603 faeto
1009 2574 1144 2603 civitatis
1170 2573 1218 2603 rel
1244 2573 1314 2611 loei,
1345 2573 1384 2602 ‹le
1415 2583 1476 2613 111111
1502 2572 1551 2603 vel
1582 2573 1621 2603 de
1647 2585 1709 2614 qua.

58 2618 107 2659 sit,
130 2619 279 2653 videlicet
303 2633 359 2663 pro
384 2634 422 2654 eo
448 2624 533 2664 quod
551 2625 662 2655 civitas
687 2626 755 2665 ipsa
772 2626 820 2656 vel
847 2626 935 2655 loeus
961 2628 1107 2655 teneatur
1132 2625 1179 2654 vel
1206 2625 1307 2654 teneri
1333 2624 1456 2654 ‹lieatur
1481 2624 1600 2664 aliquid
1626 2625 1705 2655 dare

59 2670 108 2701 vel
130 2670 236 2704 facere
260 2674 351 2705 nobis
375 2675 425 2706 vel
449 2679 556 2707 nostre
580 2686 707 2707 camere
732 2677 781 2706 v‹l
807 2677 995 2707 officialibus
1020 2678 1067 2707 vol
1095 2677 1187 2706 alieui
1213 2676 1252 2705 ‹le
1278 2676 1396 2706 familia
1425 2676 1473 2705 vel
1499 2677 1707 2716 sequentibus

60 2722 177 2755 curiam
200 2730 350 2757 nostram.

160 2792 224 2820 927.
245 2796 268 2825 ³)
289 2797 364 2821 suerit
383 2797 422 2822 ed.

162 2846 186 2877 l)
205 2847 238 2872 A,
256 2850 319 2873 1311.
340 2846 405 2873 Dec.
420 2852 439 2873 1.
460 2848 579 2879 Bolmzcr,
602 2848 666 2882 Res).
684 2848 776 2874 Helm:
792 2852 848 2873 4-111.
1436 2893 1443 2916 l
1459 2891 1495 2915 ‘l'
