2102 3177
46 762 69 780 10

44 1031 67 1050 15

45 1287 69 1306 20

46 1546 70 1565 25

49 1805 73 1824 30

50 2067 73 2086 35

50 2324 74 2342 40

51 2579 76 2598 45

491 201 654 228 HEINRICI
675 202 736 228 VII.
756 200 1079 228 CONSTITUTIONES.
1118 201 1192 227 1:313.
1229 200 1277 226 ΝΥ,
1292 200 1349 226 982.
1672 206 1749 233 1019

91 286 286 318 evidentiam
321 288 462 328 ipsorum
499 288 665 319 criminum
694 289 820 320 notoria
851 288 948 319 fuisse
979 292 1011 319 et
1042 298 1112 319 esse
1145 297 1182 318 ac
1212 287 1469 318 commissionem
1499 292 1644 318 reatuum
1676 299 1749 329 prc-

90 339 263 376 dictorum,
289 339 375 380 quod
399 339 486 370 nulla
510 343 643 380 possunt
666 341 932 380 tergiversatione
957 340 1069 378 celari7
1095 342 1128 370 et
1152 343 1305 380 tanquam
1335 340 1467 369 conti-21¹*
1497 340 1620 370 11010110
1647 340 1749 370 delin-

90 394 226 431 quentes
255 390 410 421 hactenus
439 392 471 421 et
500 390 682 421 nullatenus
710 395 824 431 postea.
854 391 1046 421 desistentes
1074 391 1281 421 commictere
1311 391 1427 421 similia
1457 393 1489 420 ct
1515 390 1629 421 eadem
1655 402 1749 431 posse

90 444 122 472 et
146 441 266 472 debere
291 441 422 482 procedi
459 445 569 472 contra
597 443 684 482 ipsos
713 452 848 472 comune
879 446 910 472 ct
939 443 1101 472 civitatem
1133 442 1246 473 Padue
1283 445 1314 473 et
1343 442 1489 472 homines
1519 442 1747 482 infrascriptos.

89 496 199 524 contra
223 503 303 534 quos
325 496 435 523 nostra
458 493 620 534 inquisitio
645 494 707 524 iam
734 494 900 534 precessit,
931 498 963 524 et
987 494 1165 535 quemlibet
1189 494 1381 528 eorundem,
1415 498 1446 524 ct
1470 494 1556 534 ipsos
1581 498 1613 524 ct
1638 504 1749 535 quem-

87 544 167 576 libet
194 544 370 575 eorundem
399 544 566 575 diffinitive
597 545 792 585 condepnari
825 550 856 575 et
885 545 988 585 puniri
1018 545 1058 576 de
1089 546 1220 575 crimine
1251 548 1283 575 ct
1312 549 1403 576 reatu
1433 556 1469 576 ac
1499 556 1594 586 super
1618 546 1749 576 crimine.

89 599 122 627 et
149 599 239 627 reatu
270 596 350 637 legis
380 597 461 627 Iulie
490 596 556 627 lese
585 597 763 627 maiestatis
791 597 916 627 notorie
946 601 1133 637 perpetrato
1164 607 1221 637 per
1252 598 1339 638 ipsos
1374 607 1510 627 comune
1543 601 1575 628 et
1604 597 1749 627 homines

87 648 200 679 Padue
224 651 257 678 et
281 648 460 689 quemlibet
485 648 662 679 eorundem
687 648 717 678 in
742 648 873 688 singulis
899 649 1047 688 capitulis
1071 649 1100 678 in
1125 649 1195 689 ipsa
1213 649 1418 689 inquisitione
1437 649 1596 679 contentis
1620 654 1651 679 et
1669 659 1748 689 quo-

87 699 168 730 libet
192 699 377 730 eorundem.
424 700 562 730 Demum
589 699 738 730 eamdem
763 700 926 730 civitatem
951 699 1064 730 Padue
1090 703 1121 729 et
1146 710 1281 730 comune
1306 710 1342 730 ac
1367 700 1513 731 homines
1532 701 1750 741 infrascriptos

89 754 122 781 et
151 750 330 792 quemlibet
360 761 471 782 eorum
499 752 724 792 requisivimus
753 754 785 781 et
815 751 984 781 citavimus
1015 752 1210 782 sufficienter
1241 755 1273 782 et
1303 752 1559 793 perhemptoriQ
1595 756 1631 783 ut
1661 755 1749 782 certo

87 803 223 833 termino
247 803 311 833 iam
336 803 446 844 elapso
472 814 580 834 coram
603 803 705 842 nobis,
730 803 914 844 ubicunque
940 813 1083 833 essemus
1108 807 1139 833 et
1164 807 1272 834 nostra
1297 804 1384 834 curia
1410 805 1576 841 resideret,
1603 803 1643 834 ad
1668 803 1749 834 hanc

85 857 226 885 nostram
256 854 458 886 diffinitivam
487 856 679 886 sententiam
709 854 904 886 audiendam
937 865 1125 895 comparere
1155 859 1312 885 curarent.
1361 856 1455 891 Quod
1491 857 1550 897 ipsi
1584 856 1648 885 suis
1676 865 1749 896 pre-

87 905 183 936 diffisi
206 907 329 937 meritis
354 910 387 938 et
411 907 543 938 offensis
569 910 601 937 et
624 907 655 937 in
673 917 729 937 sua
755 906 905 937 obstinati
924 907 1125 937 contumacia,
1150 917 1186 936 ac
1205 906 1372 937 fraudibus
1389 908 1593 947 pernitisffiiw
1611 906 1749 937 indurati

85 958 194 989 facere
220 958 447 999 despexerunt.

197 1021 225 1049 4.
262 1018 345 1054 Quia
372 1019 469 1061 igitur
502 1019 646 1060 legitime
676 1019 768 1050 nobis
799 1021 923 1049 constat
954 1019 1098 1059 predicta
1128 1019 1259 1049 crimina
1288 1022 1320 1049 et
1350 1024 1457 1049 reatus
1488 1030 1545 1059 per
1569 1018 1749 1059 predictam

87 1070 339 1109 universitatem,
364 1081 498 1102 comune
524 1074 556 1102 et
579 1071 723 1101 homines
749 1071 968 1111 infrascriptos
993 1071 1061 1101 fore
1088 1071 1267 1104 commissa,
1293 1071 1465 1111 premissos
1491 1076 1521 1101 et
1548 1070 1628 1100 alios
1653 1080 1749 1111 quam

88 1121 196 1162 plures
221 1122 379 1153 dictorum
404 1123 557 1160 comunis,
585 1123 722 1153 civitatis
746 1122 860 1153 Padue
885 1125 917 1153 et
941 1122 1105 1152 hominum
1130 1122 1405 1162 infr-ascriptorum
1435 1132 1585 1153 excessus
1610 1122 1750 1152 nefarios

89 1176 122 1204 et
145 1183 244 1214 opera
272 1174 463 1205 detestanda
491 1175 522 1205 in
551 1177 671 1205 statera
695 1175 770 1204 iusti
800 1174 908 1205 iudicii
933 1174 1133 1215 apendentes
1166 1180 1197 1204 et
1226 1174 1433 1213 atmidcntcs7
1465 1174 1550 1215 quod
1585 1174 1659 1204 dum
1689 1174 1749 1214 ipsi

87 1235 202 1265 pacem
232 1228 265 1256 et
293 1226 434 1266 quietem
464 1226 584 1257 habere
609 1229 783 1267 potuerunt
814 1236 885 1256 cum
911 1225 1131 1266 tranquilitate
1157 1230 1188 1256 ct
1213 1226 1371 1266 imperiali
1396 1226 1627 1256 benivolentia.
1664 1225 1750 1256 bella

87 1276 363 1317 prodictionaliter
392 1279 613 1319 quesiverunt,
650 1278 836 1319 iniquitates
867 1281 1082 1309 exercuerunt
1106 1281 1137 1308 et
1162 1283 1413 1318 procuraverunt
1446 1289 1501 1318 pro
1526 1288 1640 1317 posse..
1670 1277 1751 1307 sicut

89 1329 186 1360 etiam
211 1339 383 1370 procurare
412 1330 517 1361 adhuc
545 1341 607 1360 non
638 1333 778 1369 cessant7
810 1330 841 1360 iu
872 1330 999 1370 imperii
1030 1330 1184 1370 populum
1210 1330 1369 1359 seminare
1395 1330 1565 1367 cicuniam7
1595 1330 1748 1359 suscitare

88 1373 198 1421 hbdia,
233 1381 400 1412 inmictere
435 1381 598 1419 scandala,
635 1383 796 1413 concitare
831 1382 985 1412 tumultus
1020 1385 1052 1412 et
1088 1380 1224 1423 fo[ve]re
1262 1381 1438 1411 discordias
1474 1382 1503 1411 in
1541 1384 1680 1411 nostrum
1719 1384 1750 1410 ‹=t

87 1432 226 1463 Romani
250 1433 376 1474 imperii
400 1436 620 1474 contemptum
645 1438 742 1475 atque
767 1434 955 1464 universalis
983 1434 1028 1464 rei
1051 1433 1180 1474 publice
1206 1432 1449 1467 detrimcntunn
1479 1434 1581 1473 ipsum
1615 1443 1749 1462 connino.

88 1483 202 1515 Padue
227 1488 259 1515 et
283 1485 462 1526 quamlibet
486 1485 680 1526 singularem
706 1496 877 1526 personam
902 1485 1000 1526 ipsius
1017 1485 1221 1516 eoinuuitatis
1246 1485 1407 1515 (ivitatem
1436 1488 1467 1515 et
1484 1485 1629 1515 homines
1654 1484 1750 1514 infra-

89 1537 223 1577 scriptos
241 1539 273 1567 et
290 1537 469 1578 quemlibet
486 1537 673 1577 eorundem,
699 1547 769 1567 culn
788 1538 848 1567 sint
873 1537 1005 1568 crimine
1024 1537 1202 1567 maiestatis
1227 1537 1271 1566 rei
1297 1539 1329 1566 et
1350 1536 1522 1566 multarum
1540 1536 1751 1567 nefumlurum

90 1588 326 1628 prodietionum
349 1589 435 1619 mole
460 1589 720 1630 preponderante
744 1590 775 1619 111
800 1588 994 1630 profundum
1020 1588 1178 1619 malorum
1203 1588 1352 1623 demersi,
1380 1589 1409 1618 111
1436 1599 1545 1618 eorum
1572 1589 1749 1618 contumaci

90 1640 251 1679 absentia,
281 1650 377 1682 quam
402 1640 463 1671 Dei
488 1641 650 1681 presentia
674 1641 816 1681 repleat7
846 1641 931 1671 omni
963 1640 1031 1670 iure
1061 1650 1124 1680 quo
1156 1640 1272 1669 melius
1302 1643 1334 1670 et
1364 1640 1488 1680 plenius
1519 1650 1686 1680 possumus
1711 1650 1751 1669 cx

91 1694 179 1723 certa
202 1692 340 1723 sciencia
364 1695 430 1723 tam
455 1692 494 1723 de
520 1696 627 1723 nostre
652 1692 851 1733 plenitudine
876 1692 1047 1733 potestatis
1072 1701 1167 1732 quam
1193 1691 1256 1721 alio
1283 1702 1476 1732 quocunque

243 1746 279 1783 (I)
304 1743 455 1775 sedentes
482 1755 540 1785 pro
570 1744 721 1775 tribunali
752 1744 920 1774 diffinitive
949 1743 1185 1775 sententialiter
1214 1747 1246 1774 et
1277 1742 1332 1784 [in]
1365 1743 1424 1773 hiis
1449 1744 1574 1784 scriptis
1600 1747 1750 1783 tanquam

135 1795 274 1827 rebelles
303 1799 335 1827 ct
364 1796 546 1837 proditores
576 1802 630 1826 acc
659 1796 768 1827 hostes
795 1796 934 1826 Romani
970 1796 1095 1836 imperii
1129 1798 1160 1825 et
1195 1795 1262 1825 lese
1299 1795 1476 1825 maiestatis
1511 1796 1642 1825 crimine
1679 1805 1752 1825 reos

134 1848 297 1889 privamus
326 1858 415 1879 mero
446 1851 478 1879 et
506 1848 606 1878 mixto
636 1848 772 1888 imperio
801 1851 833 1878 et
865 1847 1084 1878 iurisdictione
1119 1846 1264 1888 qualibet
1299 1847 1469 1887 temporali
1502 1847 1651 1887 omnique
1684 1847 1751 1876 iuro

135 1899 275 1940 eligendi
305 1902 337 1930 et
360 1899 502 1930 habendi
526 1903 738 1940 potestatem,
769 1903 929 1931 rectorem
959 1909 1015 1930 seu
1045 1899 1209 1929 dominum
1239 1902 1431 1938 perpetuum
1456 1898 1507 1929 vel
1538 1899 1751 1939 temporalem

133 1951 175 1982 ad
198 1952 344 1993 regimen
368 1951 466 1992 ipsius
491 1951 628 1982 civitatis
652 1951 765 1982 Padue
790 1951 842 1982 vel
868 1952 935 1982 eius
961 1950 1131 1981 districtus.

241 2006 291 2042 (II)
323 2002 492 2034 Privamus
523 2003 621 2034 etiam
653 2003 817 2034 civitatem
855 2003 1004 2034 eamdem
1041 2006 1073 2033 et
1102 2002 1259 2042 privatam
1296 2012 1365 2032 esse
1396 2001 1597 2031 declaramus
1634 2000 1751 2031 literali

136 2054 240 2086 studio
264 2065 301 2086 ac
318 2055 448 2086 licentia
465 2054 655 2085 doctorandi
680 2058 712 2086 et
728 2055 875 2085 omnibus
892 2054 1082 2090 franchisiisq
1101 2053 1287 2094 privilegiis,
1306 2052 1558 2083 inmunitatibus.
1576 2051 1751 2082 honoribus

134 2110 231 2148 atque
253 2106 357 2137 leudis
382 2111 414 2137 et
431 2106 578 2137 omnibus
596 2106 838 2147 quibuscunque
856 2106 978 2137 iuribus
995 2116 1013 2136 a
1031 2105 1122 2136 nohis
1148 2105 1197 2135 vel
1222 2104 1262 2135 ab
1282 2104 1529 2144 imperatorilms
1547 2113 1603 2133 seu
1622 2103 1751 2143 regibus

134 2157 352 2189 Romanorum
386 2157 670 2199 predecessoribus
703 2159 819 2189 nostris
848 2158 1007 2188 concessis
1042 2167 1098 2187 seu
1135 2156 1401 2197 qimlitcrcunque
1438 2155 1582 2195 aquisitis
1618 2156 1751 2195 ipsaque

135 2210 272 2241 scienter
294 2213 483 2241 revocantes
501 2220 663 2240 cassamus
688 2212 720 2240 et
737 2210 899 2240 irritamus
924 2212 956 2240 et
973 2209 1162 2239 anullamus.
1252 2207 1475 2247 Precipientes
1501 2210 1533 2237 et
1551 2206 1752 2236 devlurnntes

136 2261 255 2292 dictum
286 2272 421 2292 comune
450 2261 578 2299 Padue,
608 2261 771 2291 civitatem
808 2271 845 2291 ac
873 2261 973 2301 ipsius
1004 2259 1208 2290 comunitutis
1236 2259 1478 2289 universitatem
1515 2263 1545 2288 ct
1574 2257 1752 2298 quamlibet

136 2323 306 2354 personam
324 2313 422 2354 ipsius
445 2313 662 2344 universitatis
687 2316 719 2343 et
743 2323 854 2343 omnes
880 2315 912 2342 et
936 2311 1078 2352 singulos
1103 2311 1248 2341 hominos
1273 2310 1491 2349 infrascriptos
1516 2313 1547 2339 ct
1573 2309 1751 2349 quemlibet

136 2364 311 2396 eorundem
329 2365 504 2403 felloniam,
528 2364 744 2405 proditionem
770 2368 802 2394 et
826 2364 906 2405 legis
924 2363 1006 2393 Iulie
1032 2363 1098 2393 lese
1115 2361 1312 2392 maiestatis‘l
1338 2362 1457 2391 crimen
1482 2364 1591 2391 contra
1615 2361 1750 2390 condam

136 2416 260 2457 regiam
289 2419 321 2447 et
349 2416 478 2447 demum
504 2417 745 2457 imperatoriam
770 2417 975 2447 maiestatem
1000 2419 1141 2446 nostram
1167 2418 1217 2445 et⁴·
1248 2418 1349 2445 totum
1374 2414 1554 2444 Romanum
1581 2414 1750 2453 imperium

137 2478 178 2498 ex
214 2467 367 2508 predictis
403 2468 589 2499 excessibus
618 2468 838 2503 commixisse,
874 2467 1032 2498 veniendo
1067 2467 1163 2497 etiam
1193 2470 1303 2496 eontra.
1339 2466 1500 2506 proprium
1537 2465 1751 2495 iuramentum

137 2519 302 2550 fidelitatis
326 2519 418 2550 nobis
442 2521 611 2560 prestitum
637 2531 694 2561 per
718 2521 821 2561 ipsum
840 2530 985 2550 comune.
1012 2518 1220 2550 consiliarios,
1246 2516 1401 2547 011101111ος
1427 2519 1458 2546 ot
1483 2516 1627 2546 hominos
1652 2516 1750 2556 ipsius

138 2571 275 2602 civitatis
303 2574 335 2602 ct
367 2575 477 2602 eontra
501 2571 691 2603 fidelitatem
724 2582 781 2612 per
812 2582 867 2602 eos
892 2571 1042 2606 factumn
1119 2573 1150 2599 ct
1179 2568 1427 2598 nichilhominus
1457 2568 1557 2608 ipsam
1589 2568 1750 2597 civitatem

199 2681 264 2708 982.
284 2682 308 2713 b)
329 2684 441 2715 sequitur
460 2693 492 2707 no
511 2684 583 2708 delet.
605 2692 642 2707 or.
733 2688 742 2699 Ρ
775 2692 841 2707 corr.
862 2692 891 2705 (ιν
911 2689 934 2706 ct
955 2692 991 2706 or.
1089 2680 1103 2703 ¹1
1125 2681 1215 2704 (aldone
1236 2684 1330 2703 moroso
1353 2680 1407 2703 ‹lilo
1429 2689 1465 2703 or.
1557 2680 1578 2709 ἵ’)
1598 2686 1708 2703 nostruin
1729 2687 1753 2703 vr„

99 2725 125 2749 in
145 2725 198 2750 loco
218 2734 277 2749 raso
297 2726 379 2750 (trtius
401 2727 493 2757 <cripta
513 2736 550 2750 or.

200 2820 224 2850 l)
247 2818 389 2851 Cs.supr11
411 2823 522 2845 11124125,

208 2895 219 2907 1
