2102 3177
96 564 110 581 5

89 811 113 829 10

88 1068 111 1086 15

86 1329 112 1348 20

85 1846 112 1865 ³0

85 2103 111 2122 35

86 2361 112 2379 40

87 2622 114 2641 45

309 223 607 249 SL'PPLEMENTUM
626 223 674 248 AD
694 222 859 248 HEINRICI
879 223 984 249 REGIS
1004 223 1330 253 eoxs'rtTUTIONES.
1369 224 1443 251 1313.
1480 224 1616 251 Nr.1303.
1710 228 1789 256 1443

299 341 396 374 1303.
421 342 580 383 (loma.)
618 342 938 374 PROTESTATIO
965 343 1032 374 DE
1056 344 1213 375 BELLO
1244 344 1426 376 CONTRA
1454 345 1627 376 REGEM

538 394 749 426 SICILIAE
773 394 1064 426 INCJPJENDO.
1112 398 1204 426 1313.
1236 397 1387 436 Azcy.1:“1.

240 456 390 494 Superest
419 456 454 486 in
484 455 585 486 codem
614 455 774 485 tabulario
802 455 894 486 CBD
917 458 1000 486 4605»
1028 457 1188 495 siftnalal.
1238 457 1399 488 Ineditam
1428 457 1704 488 ben{valentissime
1736 457 1787 487 ‹le-

125 508 258 547 *scripsit
281 508 330 538 vir
350 507 385 538 cl.
404 507 443 537 E.
461 506 616 538 Gonsdlc:
632 506 810 538 Hurteblse.
850 507 998 547 Siyt'llum
1021 519 1142 538 cereum
1166 508 1253 539 rubea·
1277 508 1388 539 coloris
1411 509 1501 539 dorso
1527 509 1710 547 [inpressum
1733 511 1787 539 cst.

1536 562 1542 575 ³
1622 572 1642 579 ,a

238 593 422 624 Friderieus
446 592 508 623 Dei
534 593 637 633 gratia
663 603 721 622 rex
745 593 919 624 Trinacrio·
1496 560 1548 593 (I.
1574 560 1680 596 clem.)

242 648 266 675 1.
307 645 472 675 Presentis
502 644 611 684 scripti
643 645 725 674 serie
758 649 871 684 pateat
901 646 1057 675 universis
1085 649 1149 675 tam
1179 646 1381 685 presentibus
1412 657 1507 687 quam
1539 646 1667 679 futuris,
1703 645 1786 686 quod

129 696 255 740 pridem
292 696 332 727 ab
368 696 582 726 illustrissimo
619 695 748 725 domino
780 696 909 727 domino
938 696 1078 726 Enricho
1106 697 1325 727 11011111110111111
1364 699 1560 738 imperatore
1595 702 1627 728 et
1661 708 1790 738 semper

131 752 267 789 augusto
298 758 404 778 sacras
432 747 556 777 litteras
585 757 656 777 cum
684 747 715 777 in
741 748 787 777 eis
816 749 883 778 eius
907 753 983 778 noto
1008 759 1044 778 ae
1069 748 1232 788 pendente
1258 749 1362 789 sigillo
1394 750 1574 790 recepimus
1603 760 1659 790 per
1683 750 1788 779 onmia

132 800 328 831 continentie
354 799 595 840 subsequentis:

240 851 411 881 ‘Henricus
435 850 497 880 Dei
521 851 817 892 gratia—imperii
844 861 920 881 vero
946 851 1071 891 primos
1107 863 1207 890 Siqua
1231 863 1278 882 m:
1300 854 1390 883 1200:

241 905 269 933 2.
306 902 429 938 Quibus
460 902 575 932 litteris
605 913 662 943 per
691 913 748 933 nos
777 907 964 933 reverenter
994 905 1149 944 acceptis*
1183 904 1300 934 auditis
1336 909 1367 935 et
1396 905 1568 935 intellectis
1599 905 1695 935 etiam
1727 914 1788 944 que

132 956 271 996 ipsarum
297 955 396 985 series
420 954 620 991 continebat,
650 954 856 985 attendentes
881 955 1010 985 beatum
1036 954 1173 985 Paulum
1199 955 1380 996 apostolum
1405 957 1449 986 sic
1474 957 1650 996 scripsisse:
1678 956 1790 986 “omnis

131 1007 239 1037 anima
262 1006 476 1047 potestatibus
506 1006 744 1037 sublimioribus
775 1006 903 1037 subdita
932 1006 1017 1044 sit'2‚
1049 1007 1251 1047 imperialem
1275 1011 1383 1038 autem
1414 1011 1609 1048 potestatem
1643 1008 1789 1038 omnibus

131 1058 362 1099 temporalibus
386 1057 602 1098 potestatibus
626 1058 763 1096 anteire,
794 1059 843 1088 cui
868 1059 1020 1088 naciones
1044 1069 1155 1089 omnes
1179 1063 1210 1089 ct
1234 1060 1414 1099 provincias
1439 1070 1615 1100 omnesque
1640 1071 1733 1100 reges
1759 1068 1790 1090 et

126 1110 292 1152 principes
315 1109 446 1140 subesse
472 1109 511 1139 ab
529 1109 675 1139 omnibus
693 1110 931 1150 comprobatur,
957 1110 1197 1140 considerantes
1222 1121 1279 1141 nec
1301 1111 1404 1141 minus
1428 1112 1458 1141 in
1483 1112 1544 1141 iam
1564 1111 1656 1141 dictis
1680 1115 1790 1141 eontra

130 1164 234 1204 ipsum
259 1163 436 1203 principem
462 1172 520 1202 per
544 1162 722 1193 antefatum
748 1162 927 1193 Robertum
953 1163 1100 1193 admissis
1125 1166 1172 1193 tot
1201 1164 1361 1204 tantisque
1393 1163 1567 1193 sceleribus
1596 1174 1658 1193 11011
1687 1163 1788 1193 solum

130 1213 195 1244 Dei
217 1213 333 1246 filium.
364 1214 501 1244 ecclesie
526 1218 624 1254 caput
649 1218 681 1244 et
705 1214 949 1244 fundamentum
975 1214 1091 1244 stabile
1116 1225 1226 1245 verum
1255 1219 1286 1245 et
1311 1215 1378 1245 eius
1403 1215 1433 1244 in
1459 1216 1550 1245 terris
1575 1215 1741 1249 vicarium,
1771 1225 1789 1244 a

131 1277 194 1307 quo
218 1265 326 1306 palam
352 1269 401 1296 est
424 1265 562 1295 eundem
584 1267 760 1306 principem
779 1267 866 1306 prins
887 1267 1037 1303 0100111111,
1063 1267 1215 1296 canonice
1241 1266 1467 1307 approbatum,
1492 1264 1688 1308 inun[c]tuin,
1714 1277 1787 1296 con-

131 1321 291 1348 secratum
316 1316 657 1347 reverendissimorum
686 1317 887 1348 dominorum
919 1317 1128 1348 cardinalium
1157 1318 1333 1348 ministerio
1365 1328 1515 1347 coronam
1543 1318 1721 1357 suscepisse
1753 1328 1789 1347 ac

130 1368 274 1410 gladium
306 1368 346 1398 ab
371 1368 479 1406 altari,
511 1379 621 1399 verum
652 1369 749 1399 etiam
776 1372 875 1399 totam
901 1369 963 1399 Dei
989 1369 1158 1399 ecclesiam
1184 1369 1268 1399 lesos
1293 1380 1377 1405 esseq
1412 1379 1481 1399 cum
1507 1372 1632 1399 constet
1659 1373 1723 1399 tam
1750 1380 1790 1400 ex

130 1422 217 1452 fama
241 1420 371 1462 publica
395 1431 490 1461 quam
517 1431 557 1450 ex
582 1421 681 1461 ipsius
705 1419 933 1462 sepe[e]missis
957 1421 1117 1454 affatibus,
1142 1424 1312 1461 postquam
1337 1421 1367 1450 in
1386 1420 1493 1451 Ytalic
1518 1420 1662 1461 partibus
1686 1422 1789 1462 sopite

130 1473 266 1504 fuissent
295 1472 454 1502 discordie
488 1471 626 1512 dataque
659 1482 738 1512 paee
773 1472 940 1502 catholicis
971 1472 1118 1503 Romano
1154 1472 1306 1503 subiectis
1341 1473 1491 1513 imperio,
1528 1473 1692 1503 anxietate
1728 1483 1789 1503 non

130 1524 258 1555 modica
281 1524 313 1554 in
338 1523 437 1554 Terre
462 1523 579 1554 Sancte
605 1523 796 1563 subsidium,
829 1524 1004 1554 funiculum
1035 1524 1222 1554 hereditatis
1248 1524 1422 1561 dominice„
1453 1524 1506 1554 ubi
1529 1523 1591 1554 Dei
1621 1528 1713 1554 natus
1743 1530 1791 1554 est

131 1576 214 1606 filius
239 1579 271 1606 et
295 1576 396 1606 crucis
420 1586 593 1615 suspensus
610 1575 754 1616 patibulo
772 1587 828 1616 pro
854 1576 1082 1616 redempcione
1104 1576 1234 1606 humani
1257 1577 1384 1617 generis
1409 1587 1498 1606 suum
1525 1576 1638 1606 effudit
1662 1577 1789 1617 sangui-

130 1638 202 1658 nem
229 1628 426 1668 preciosum,
456 1638 518 1668 que.
550 1632 596 1657 tot
626 1628 759 1657 emersis
788 1627 988 1668 temporibus
1013 1627 1052 1658 de
1078 1627 1225 1658 Romano
1250 1627 1408 1658 subducta
1431 1628 1566 1668 imperio
1592 1626 1668 1669 [inlu
1692 1628 1791 1668 ipsius

131 1679 281 1711 crucifixi
312 1682 343 1710 et
371 1680 401 1709 in
432 1680 571 1709 omnium
598 1679 842 1710 christianorum
868 1679 1010 1709 dedecus
1034 1679 1209 1710 alienarum
1236 1680 1371 1720 imperio
1397 1679 1591 1709 subvertitur
1616 1680 1789 1712 nationum,

131 1731 307 1772 prudenter
330 1741 367 1761 ac
391 1731 617 1771 potencialiter
642 1731 809 1761 transitum
838 1730 946 1761 faeere
971 1742 1066 1771 quam
1099 1731 1196 1761 cicius
1225 1734 1334 1771 posset
1362 1732 1538 1761 auxiliante
1563 1730 1702 1761 Domino
1728 1731 1791 1760 dis-

132 1782 274 1825 ponebat
299 1786 331 1813 et
354 1782 465 1823 procul
490 1782 587 1812 dubio
611 1782 651 1813 ad
677 1789 741 1813 tam
767 1782 894 1813 salubre
920 1783 1130 1813 ministerium
1156 1784 1231 1812 totis
1256 1782 1382 1812 nixibus
1407 1782 1605 1815 intendisset,
1631 1783 1689 1812 nisi
1707 1782 1791 1823 quod

132 1834 235 1865 dictus
259 1834 421 1865 Robertus
447 1833 553 1864 eidem
579 1835 765 1874 imperatori
791 1835 923 1874 eiusque
948 1833 1171 1874 progressibus
1204 1834 1435 1874 impedimento
1466 1834 1592 1866 fuisset,
1623 1835 1791 1874 quominus

129 1890 196 1917 tam
220 1890 363 1916 sanctum
387 1886 598 1916 ministerium
624 1886 752 1916 inicium
778 1890 934 1919 sumeret,
968 1896 1032 1926 pax
1064 1889 1095 1915 et
1127 1886 1201 1915 unio
1233 1886 1315 1915 inter
1339 1885 1514 1915 catholicos
1538 1886 1630 1916 fieret
1659 1890 1790 1926 totaque

129 1949 180 1969 res
215 1937 344 1979 publica
379 1937 481 1968 debiti
516 1941 618 1967 status
650 1938 811 1978 reciperet
847 1938 1058 1973 1110101111-11111,
1099 1938 1180 1967 sieut
1217 1948 1257 1967 ex
1291 1938 1389 1978 ipsius
1421 1937 1556 1967 Roberti
1588 1937 1790 1977 processibus

129 1990 291 2020 neminem
319 1989 421 2020 latere
458 1989 669 2030 probabiliter
692 1992 800 2030 potest
837 1993 869 2019 ct
904 1989 1020 2028 prefati
1059 1989 1201 2019 ciusdem
1239 1989 1358 2019 domini
1396 1990 1598 2029 imperatoris
1634 1992 1791 2019 testantur

129 2041 259 2081 affatus,
331 2041 373 2072 ad
398 2042 631 2082 exequcionem
657 2040 874 2081 predictorum
901 2041 992 2070 nobis
1016 2040 1056 2070 ab
1082 2041 1241 2081 imperiali
1267 2041 1404 2070 culmine
1430 2041 1654 2071 mandatorum
1680 2046 1789 2071 contra

131 2093 250 2124 dictum
275 2092 453 2124 Robertum
478 2093 616 2123 Romani
641 2092 797 2123 rebellem
827 2093 951 2133 imperii
983 2093 1149 2132 tociusque
1180 2093 1225 2122 rei
1249 2092 1376 2132 publice
1406 2092 1545 2125 hostem,
1578 2093 1651 2132 quia
1683 2093 1789 2132 palam

130 2149 189 2185 est,
214 2145 289 2175 dum
314 2145 433 2175 dictum
459 2144 631 2175 offenditur
652 2145 840 2184 principem,
865 2143 970 2174 Deum
988 2144 1149 2174 Christum
1176 2148 1208 2174 et
1233 2145 1300 2173 eius
1325 2143 1505 2181 000103111111,
1531 2144 1618 2173 cuius
1643 2144 1790 2184 prinecps

130 2196 218 2226 idem
242 2195 418 2226 advocatus
443 2207 512 2227 esse
531 2196 705 2226 dinoscitur
730 2200 761 2225 et
787 2195 946 2234 defenson
973 2199 1003 2225 01
1028 2206 1084 2225 uos
1109 2195 1294 2235 specialiter
1312 2195 1584 2235 quemadmodum
1611 2199 1642 2225 et
1667 2198 1791 2225 ceteros

130 2247 307 2279 ortodoxos
335 2248 450 2279 merito
482 2258 575 2288 reges
606 2252 638 2278 et
668 2248 829 2288 principes
854 2247 1044 2286 offendisse,
1077 2247 1253 2287 procedere
1279 2246 1388 2276 debita
1412 2247 1592 2277 reverentia
1618 2247 1792 2287 cupientes,

131 2310 226 2341 quem
250 2299 431 2330 Robertum
462 2299 535 2329 ideo
568 2300 654 2340 prius
685 2309 746 2329 nou
777 2299 992 2329 diffidavimus
1023 2302 1079 2329 aut
1112 2299 1307 2331 diffidamus.
1342 2299 1416 2339 quia
1446 2302 1571 2328 constat
1599 2299 1701 2338 ipsum
1734 2309 1792 2338 per

131 2350 329 2382 antedictum
345 2352 575 2392 imperatorem
593 2350 774 2381 diffidatum
800 2351 896 2381 fuisse
923 2354 955 2381 et
978 2351 1102 2391 imperii
1130 2350 1232 2380 banno
1255 2350 1443 2387 subiectum,
1468 2350 1549 2379 sicut
1574 2349 1788 2390 predictarum

131 2403 271 2434 ostendit
302 2403 498 2433 continentia
529 2403 706 2433 litterarum
719 2403 740 2434 ³.
774 2402 859 2432 unde
891 2403 960 2442 ipso
995 2403 1061 2432 iure
1091 2403 1196 2433 statim
1233 2403 1334 2432 factus
1367 2405 1413 2431 est
1447 2402 1591 2431 omnibus
1617 2401 1789 2433 diffidatus.

131 2458 241 2486 nostra
276 2465 353 2495 ergo
390 2455 539 2495 specialis
575 2454 731 2485 diffidatio
763 2465 820 2484 1100
851 2458 899 2484 est
929 2465 986 2484 110(-
1020 2455 1079 2484 fuit
1106 2455 1302 2487 necessaria,
1340 2465 1376 2484 eo
1411 2455 1514 2483 00111111
1544 2454 1684 2483 maxime
1715 2454 1789 2493 quia

130 2506 253 2537 nullam
278 2507 441 2548 propriam
467 2510 497 2537 et
523 2507 698 2547 specialem
719 2507 943 2546 prosequimur
960 2507 1117 2538 iniuriam,
1142 2506 1198 2536 sed
1225 2506 1324 2536 solam
1350 2505 1547 2545 generalem.
1572 2505 1733 2544 publicam
1759 2509 1791 2535 et

132 2568 313 2595 comunem,
339 2562 370 2589 et
394 2569 450 2589 nos
475 2559 574 2598 ipsius
595 2559 798 2598 imperatoris
823 2559 852 2588 111
878 2557 1059 2588 huiusmodi
1084 2559 1218 2597 negocio
1243 2558 1398 2587 iussiones
1423 2557 1614 2597 exequimur
1635 2560 1667 2586 et
1691 2558 1790 2586 tocius

134 2611 181 2641 rei
204 2610 332 2651 publice
350 2610 474 2640 hostem
498 2610 706 2650 insequimur,
732 2612 767 2639 ut
791 2609 961 2650 prefertur:
988 2609 1130 2639 collectis
1148 2608 1266 2638 viribus
1286 2609 1552 2649 congregatisque
1579 2608 1667 2647 regni
1693 2609 1789 2638 nostri

133 2661 296 2701 fidelibus,
320 2662 490 2698 militibus,
516 2661 676 2702 equitibus
708 2665 739 2691 ct
770 2661 934 2702 peditibus
963 2664 1096 2701 totoque
1128 2664 1235 2690 nostro
1268 2660 1410 2690 exforcio
1442 2664 1505 2690 tam
1540 2660 1661 2689 marino
1694 2670 1788 2700 quam

132 2715 277 2745 terrestri
313 2725 384 2745 cum
420 2723 545 2744 summa
575 2712 744 2753 diligentia
778 2720 950 2753 preparato
981 2712 1134 2742 adversus
1168 2711 1344 2752 predictum
1382 2711 1536 2752 sepedicti
1572 2711 1723 2751 principis
1758 2716 1791 2741 et

236 2790 321 2816 1303.
341 2792 363 2821 θ)
383 2791 476 2816 excidit
495 2801 532 2816 or.

238 2852 261 2883 1)
282 2850 322 2882 Cf.
341 2859 372 2877 ea
390 2859 457 2884 quae
477 2854 551 2877 notat
572 2851 660 2877 Finke
679 2851 695 2876 I.
709 2858 729 2876 0.
750 2850 772 2882 I,
787 2853 882 2882 336311.
897 2852 950 2875 not.
965 2848 1000 2874 wl
1020 2857 1061 2874 nr.
1075 2853 1129 2874 225.
1218 2848 1243 2879 2)
1266 2847 1342 2873 Rom.
1358 2850 1393 2878 13,
1410 2852 1428 2873 1.
1518 2847 1543 2872 3]
1565 2848 1657 2880 Supra
1677 2851 1789 2873 2172946.
