2102 3177
61 763 84 782 10

60 1023 83 1041 15

58 1279 84 1298 ⁴20

58 1538 83 1557 25

57 1796 83 1816 30

58 2058 82 2078 ³5

59 2578 84 2597 45

284 198 583 225 SUPPLEMENTCM
606 199 653 224 AI·
674 199 837 225 HEINHICI
859 199 961 225 REGIS
983 199 1309 226 ('‹‡›NS'F1T[T10NES.
1349 200 1421 226 1311.
1461 199 1596 226 8012813.
1690 203 1762 230 1421

105 293 137 318 et
160 287 230 317 iura
253 285 451 324 eorumdem,
477 295 556 326 quas
582 293 613 315 et
638 308 744 315 .....
770 287 897 317 nornine
923 292 954 317 et
980 286 1154 327 capitulum
1181 286 1266 317 dicte
1289 287 1440 317 canonice
1466 294 1498 317 et
1522 287 1590 327 ipsa
1616 287 1766 317 canoniea

103 338 225 370 habent
251 341 283 369 et
314 337 435 368 habere
460 337 609 367 videntur
634 337 673 368 de
704 338 749 368 eis
783 339 1000 378 suprascripto
1027 338 1154 368 nomine
1187 348 1243 368 seu
1267 338 1327 378 ipsi
1352 339 1503 368 canonice
1529 338 1691 378 pertinent
1738 345 1769 367 ct

103 393 253 431 spectant
277 389 307 419 in
332 388 402 420 loco
429 392 462 419 et
486 389 645 419 territorio
671 388 711 419 de
734 388 946 424 Quartilliano
973 414 978 419 .
999 415 1003 419 .
1023 414 1029 419 .
1049 413 1055 419 .
1080 390 1191 430 viginti
1216 392 1355 430 quatuor
1379 389 1420 420 ad
1443 399 1626 420 mensuram
1644 389 1768 421 Laude.

104 441 146 473 Et
170 442 247 472 item
272 441 518 471 instrumentum
544 440 737 470 venditionis
761 439 845 471 facte
870 451 928 481 per
952 441 1131 481 predictum
1155 456 1156 459 =
1178 440 1381 471 Franzollum
1403 441 1599 481 Leregatam
1625 440 1769 481 predicto

103 493 270 524 Beltramo
309 516 416 523 .....
448 491 594 532 predicto
620 491 777 522 sedimine
808 498 839 522 et
864 492 958 532 petiis
983 495 1067 523 terre
1094 501 1125 523 01
1149 493 1220 522 aliis
1245 493 1275 522 in
1301 492 1385 523 dicta
1403 491 1587 523 venditione
1613 493 1770 523 contentis

103 544 257 576 traditum
280 554 363 575 anno
382 547 528 574 currente
551 543 554 579 ζ
575 543 746 577 millesimo
765 544 993 574 trecentesimo
1012 543 1147 583 decimo,
1173 543 1224 575 die
1243 544 1397 584 vigesimo
1424 568 1531 574 .....
1557 549 1589 575 et
1613 545 1770 574 notarium

104 595 294 638 predictum.
341 594 383 625 Et
408 595 655 625 instrumentum
681 594 850 635 parabulle
878 603 910 625 et
934 595 1062 626 licentie
1097 595 1172 626 date
1198 595 1351 636 predictis
1375 595 1535 626 canonicis
1569 600 1600 626 et
1629 596 1768 636 capitulo

104 647 240 680 ecclesie
265 647 529 678 decumanorum
556 646 733 677 Mediolani
764 646 902 677 faciendi
929 648 1201 688 permutationem
1226 647 1405 688 predictam
1431 672 1436 677 .
1457 672 1485 677 ..
1512 646 1768 689 [archiepiscohd

102 699 371 738 Mediolanensis‚
407 698 446 729 de
481 708 542 739 qua
575 698 704 729 licentia
741 698 775 728 fit
809 699 931 729 mentio
968 699 998 729 in
1035 699 1174 740 quodam
1211 700 1422 730 instrumento
1451 699 1567 729 tradito
1598 698 1767 730 millesimo

103 751 331 782 trecentesimo
356 750 543 783 undecimo.
575 751 712 791 septimo
738 750 885 791 Aprillis,
911 761 968 791 per
993 750 1180 782 lacobinum
1206 751 1245 782 de
1270 751 1370 782 Dotto
1395 751 1568 782 notarium.
1599 759 1630 781 et
1654 751 1768 781 instru-

103 806 248 834 mentum
283 803 472 833 investiture
505 802 590 833 facte
626 812 684 843 per
721 801 885 833 dominum
922 802 1135 843 presbiterum
1172 803 1387 833 Lafranchum
1414 802 1566 833 Tanzium
1603 806 1635 833 et
1668 802 1769 833 Fran-

101 855 185 885 zium
210 854 250 885 de
267 854 376 885 Aliate
401 858 434 885 et
450 853 667 885 Thomaxium
693 853 733 885 de
751 853 948 895 Lixigniollo
970 855 973 895 Ι
996 859 1028 885 et
1052 854 1228 895 Nigronem
1254 854 1459 885 Preallonum
1485 855 1654 885 canonicos
1684 854 1768 885 dicte

102 907 256 938 canonice
293 906 562 945 decumanorum,
602 916 657 936 suo
697 906 826 937 nomine
865 913 897 937 et
936 905 1068 946 capituli
1105 905 1188 937 dicte
1228 907 1395 943 canonice‚
1434 906 1463 936 in
1500 905 1689 947 Aregollum
1729 905 1768 935 de

101 957 230 999 Pubiga
261 962 294 989 et
318 957 486 989 Zanellum
512 957 681 998 Paganum
713 957 753 988 (le
777 958 863 998 petia
894 968 958 988 una
988 958 1091 998 campi
1122 958 1150 988 ia
1164 961 1290 988 centem
1319 957 1395 987 foris
1426 957 1465 987 de
1497 960 1589 998 porta
1615 956 1768 988 Cumana.

102 1009 157 1040 ubi
186 1008 302 1040 dicitur
337 1008 379 1040 ad
410 1008 592 1040 Carariam.
625 1019 643 1039 a
674 1019 769 1039 mane
802 1012 900 1039 strata
934 1009 1077 1040 Cumana
1112 1012 1170 1039 etc.
1204 1014 1235 1040 et
1275 1012 1323 1039 est
1355 1009 1476 1049 pertice
1510 1009 1620 1050 viginti
1653 1019 1767 1039 novem

102 1061 145 1092 ad
169 1065 289 1093 certum
315 1061 424 1092 fictum
449 1060 628 1092 fatiendum
654 1063 730 1092 etc..
767 1060 920 1091 traditum
952 1060 1123 1091 millesimo
1149 1061 1374 1091 trecentesimo
1399 1060 1585 1092 undecimo.
1610 1061 1765 1101 vigesimo

101 1117 217 1144 octavo
233 1112 344 1153 Madii,
367 1139 369 1153 Ι
391 1123 449 1153 per
472 1112 663 1143 Iacobinum
689 1111 808 1143 dictum
826 1112 1000 1143 Picardum
1026 1112 1065 1143 (10
1084 1112 1253 1153 Fenegroe
1279 1112 1439 1142 notarium
1466 1136 1572 1142 .....
1598 1112 1767 1143 millesimo

100 1165 329 1196 trecentesimo
354 1164 537 1203 undecimo,
563 1164 614 1195 die
640 1163 766 1195 decimo
792 1175 874 1195 nono
900 1164 1080 1195 Februarii.
1106 1167 1250 1194 extracto
1275 1163 1315 1194 ab
1341 1163 1569 1194 imbriviaturis
1592 1163 1767 1195 Benadotti

101 1217 141 1248 de
166 1217 291 1253 Lonate
313 1217 317 1258 Ι
338 1217 465 1256 notarii,
491 1217 521 1247 in
548 1227 611 1257 qua
636 1217 818 1247 continetur
843 1216 929 1257 quod
953 1216 1055 1247 dictus
1071 1215 1259 1246 Franzollus
1286 1241 1391 1246 .....
1418 1215 1546 1246 domino
1566 1215 1702 1247 Dondeo
1728 1216 1767 1246 dc

102 1268 264 1300 Pusterlla
289 1275 381 1309 porte
407 1267 586 1299 Ticinensis
612 1267 652 1298 de
682 1267 839 1298 sedimine
869 1279 931 1298 uno
966 1278 1037 1298 cum
1062 1267 1215 1298 hedifitiis
1247 1272 1279 1298 et
1310 1268 1406 1298 curtis
1431 1267 1555 1298 duobus
1585 1276 1616 1298 et
1640 1272 1737 1309 puteo

101 1321 229 1352 iacente
262 1320 293 1350 in
323 1320 426 1361 burgo
460 1323 553 1361 porte
587 1319 732 1351 Cnmane
767 1319 806 1349 dc
837 1320 914 1350 foris
945 1320 976 1349 in
1005 1319 1107 1360 burgo
1135 1344 1270 1349 .....
1319 1319 1528 1360 Siinplitiani.
1558 1320 1607 1350 cui
1637 1319 1768 1350 00110101

102 1372 144 1403 ad
179 1374 380 1414 supertotum
420 1382 439 1403 a
475 1382 569 1403 1113110
605 1371 734 1413 Brayde
771 1372 957 1402 monasterii
995 1371 1103 1402 Sancti
1139 1371 1353 1412 Simpliciani.
1395 1383 1411 1402 a
1448 1371 1582 1403 meridie
1616 1371 1768 1402 Guilclnii

103 1424 143 1455 de
167 1423 350 1466 Fagniano‚
386 1434 404 1454 a
436 1434 507 1455 sero
530 1423 532 1463 Ι
555 1427 670 1457 strata.
707 1433 725 1454 a
758 1427 866 1454 monte
899 1423 974 1454 dieti
1008 1424 1203 1454 monasterii.
1252 1422 1355 1464 Super
1386 1434 1448 1465 quo
1481 1423 1636 1454 sedimine
1671 1448 1705 1455 ..
1733 1448 1766 1453 ..

103 1476 211 1507 fictum
240 1476 282 1507 ad
310 1475 456 1507 libellum
487 1476 651 1506 annuatim
682 1475 802 1507 dictum
832 1477 1063 1506 monasterium
1094 1475 1201 1506 Sancti
1233 1475 1424 1516 Simplitiani
1460 1475 1621 1506 soldorum
1658 1475 1768 1515 viginti

103 1528 183 1559 duos
215 1527 427 1559 tertiollorum
466 1527 517 1559 vel
553 1527 585 1558 id
622 1528 716 1558 circa.
771 1527 855 1558 Item
885 1527 924 1558 (10
961 1527 1118 1558 sedimine
1154 1538 1216 1558 uno
1253 1538 1324 1558 eum
1358 1527 1513 1557 hedificiis
1549 1527 1634 1565 010.Ι
1660 1535 1692 1557 et
1727 1526 1767 1557 (10

102 1581 198 1611 certis
222 1580 315 1611 terris
339 1580 369 1610 in
395 1579 480 1611 dicta
504 1579 679 1610 donatione
705 1580 873 1610 contentis.
920 1579 961 1610 Et
993 1580 1046 1620 qui
1071 1578 1150 1610 vidit
1176 1583 1319 1610 tenorem
1346 1579 1442 1609 banni
1468 1578 1533 1609 dati
1558 1577 1643 1608 dicto
1668 1578 1766 1608 Fran-

102 1631 183 1662 zollo
207 1631 334 1672 Legate
359 1632 399 1662 de
428 1631 588 1662 maleficio
615 1635 647 1662 et
671 1631 736 1662 lesa
769 1631 940 1662 maiestate
967 1637 1042 1669 etc„
1074 1634 1168 1672 prout
1198 1631 1227 1661 in
1258 1631 1327 1671 ipso
1354 1630 1457 1661 banno
1487 1630 1666 1660 continetur
1691 1629 1765 1659 (1310

1787 763 1829 784 Aps
1847 763 1864 780 ἵ.

1784 1072 1834 1092 Mai.
1845 1074 1876 1091 ⁴:5-

1784 1174 1846 1195 Febr.
1862 1177 1891 1195 19.

102 1683 274 1714 millesimo
301 1684 528 1714 trecentesimo
553 1683 734 1713 undecimo.
757 1684 761 1722 Ι
782 1682 957 1713 indictione
982 1694 1075 1714 nona.
1101 1682 1152 1713 die
1177 1683 1308 1723 triginta
1331 1683 1450 1713 mensis
1471 1681 1580 1713 Madii.
1606 1685 1641 1711 ut
1663 1690 1830 1722 11311001
1843 1696 1873 1713 aa».

102 1746 161 1777 per
184 1736 373 1777 scripturam
398 1735 612 1776 subscriptam
637 1745 695 1775 per
710 1734 861 1765 Bentium
886 1735 1045 1765 notarium
1071 1742 1103 1765 01
1125 1733 1296 1764 officialem
1315 1733 1435 1764 domini
1454 1733 1545 1764 Cioni
1570 1732 1609 1763 de
1628 1733 1765 1764 Pistorio

101 1787 215 1819 iudicis
239 1795 271 1819 et
295 1788 456 1819 exactoris
473 1787 630 1818 bonorum
649 1786 852 1817 bannitorum
878 1797 934 1827 pro
955 1786 1039 1817 (licto
1058 1786 1186 1817 domino
1213 1796 1288 1826 rege
1313 1785 1465 1816 mandato
1490 1786 1588 1826 ipsius
1610 1786 1611 1824 Ι
1635 1793 1666 1814 et
1691 1784 1765 1815 ‹licti

101 1839 237 1870 Leonini
255 1839 295 1870 de
312 1839 470 1880 Manzago
493 1844 525 1870 et
542 1838 725 1869 Guifredini
742 1838 911 1869 Pinctoris.
938 1848 999 1879 que
1018 1837 1168 1868 dixerunt
1185 1848 1291 1868 coram
1311 1838 1378 1878 ipso
1398 1837 1502 1867 iudice
1522 1845 1551 1867 01
1569 1837 1621 1877 (1111
1640 1835 1717 1866 vidit
1735 1844 1766 1866 ct

101 1891 223 1922 audivit
239 1892 346 1923 omnia,
364 1902 402 1922 ea
420 1896 452 1922 et
469 1891 604 1932 singula,
630 1901 691 1931 (1110
709 1890 868 1921 hos-tendi.
895 1889 957 1920 dici
983 1898 1014 1920 et
1031 1890 1153 1930 alegari
1170 1889 1337 1920 volucrunt
1355 1899 1462 1919 coram
1482 1899 1518 1918 eo
1545 1896 1576 1918 et
1594 1888 1766 1928 diligenter

101 1943 367 1975 deliberationem
394 1947 426 1974 et
444 1943 716 1974 examinationem
736 1941 848 1972 habuit
870 1977 872 1979 Ι
895 1952 990 1982 super
1008 1941 1158 1982 predictis
1185 1948 1216 1971 01
1233 1940 1378 1981 quolibet
1395 1940 1621 1980 predictorum.
1648 1939 1764 1970 Christi

100 1997 228 2027 nomine
250 1997 409 2027 invocato.
436 2020 528 2026 .....
552 2000 708 2025 terrarum
735 2002 767 2024 et
784 1994 1033 2034 possessionum.
1060 2003 1120 2033 qne
1139 1992 1267 2023 fuerunt
1285 1991 1360 2022 dicti
1379 1991 1546 2022 Franzolli.
1569 1995 1714 2032 spectant
1733 1999 1763 2021 01

102 2049 263 2089 pertinent
278 2048 431 2089 predictis
448 2047 718 2088 archipresbitero
742 2050 773 2076 et
791 2045 951 2076 canonicis
976 2049 1008 2075 et
1025 2055 1087 2074 non
1105 2054 1232 2074 camere
1254 2046 1257 2082 Ι
1279 2043 1345 2074 fisci
1363 2054 1418 2073 seu
1437 2043 1512 2073 dicti
1530 2042 1648 2073 domini
1666 2044 1761 2083 regis.

209 2101 278 2142 Ego
309 2101 495 2141 Paganinus
529 2099 671 2130 Canutus
702 2123 708 2129 .
729 2124 733 2129 .
753 2123 759 2129 .
778 2122 784 2128 .
817 2097 1024 2138 suprascripti
1058 2096 1176 2126 domini
1212 2095 1402 2126 Bcltramini
1438 2095 1554 2125 Arzoni
1590 2094 1762 2134 iurisperiti

100 2153 211 2194 scripsi
243 2163 324 2183 anno
354 2156 501 2183 currente
526 2150 710 2189 MCCCXL
741 2150 913 2180 indictione
939 2149 984 2179 X.
1019 2148 1069 2178 (110
1088 2148 1226 2178 Veneris
1250 2147 1357 2178 XVII.
1382 2147 1499 2177 mensis
1525 2145 1733 2186 Septcnilnis,

102 2203 195 2235 Unde
220 2204 323 2235 dictus
346 2203 465 2234 Cionus
488 2203 586 2234 iudex
612 2206 645 2233 ut
670 2212 765 2243 supra
790 2204 917 2231 secutus
942 2200 1106 2230 consilium
1133 2199 1208 2229 dicti
1233 2199 1353 2229 domini
1377 2198 1579 2228 Bcltramini.
1605 2197 1653 2227 cni
1679 2196 1760 2228 dicta

101 2256 226 2297 questio
245 2257 380 2287 comissa
396 2256 455 2286 fuit
472 2266 530 2296 per
546 2256 649 2296 ipsum
669 2254 831 2284 dominum
848 2252 984 2283 iudicem
1003 2259 1156 2291 utsupra.
1174 2258 1322 2291 presente
1337 2249 1515 2291 presbitero
1533 2248 1648 2279 ,1111100
1667 2259 1761 2278 03110-

102 2309 172 2339 nico
208 2316 239 2339 et
252 2307 372 2339 sindico
388 2308 471 2339 dicte
487 2307 622 2338 ecclesie
640 2316 697 2336 scu
715 2305 866 2336 canonice
882 2303 1132 2334 documanoruni
1152 2326 1266 2333 ......
1285 2301 1426 2333 sedendo
1443 2312 1498 2341 pro
1514 2300 1675 2331 tribunalli
1690 2311 1760 2340 pro-

103 2360 260 2390 nuntiavit
276 2364 309 2390 et
321 2359 527 2390 sententiavit
545 2359 574 2389 in
593 2358 740 2389 omnibus
758 2361 789 2388 et
804 2367 862 2397 per
875 2356 990 2386 onmia.
1010 2358 1104 2396 prout
1121 2355 1150 2384 in
1166 2353 1249 2385 dicto
1270 2354 1401 2383 consilio
1416 2353 1539 2394 plenius
1553 2352 1742 2383 continetur.

211 2413 327 2442 Actum
353 2410 527 2442 Mediolani
552 2410 583 2441 in
609 2410 704 2440 domo
722 2408 930 2439 habitationis
955 2407 1028 2437 dicti
1054 2406 1167 2436 indicis
1192 2407 1221 2436 in
1248 2414 1337 2446 porta
1356 2404 1526 2446 ΒΙο11111113Ι
1557 2430 1561 2434 .
1582 2430 1586 2434 .
1606 2429 1611 2434 .
1632 2429 1636 2434 .
1663 2403 1760 2433 Gain-

102 2462 203 2503 baris,
237 2463 440 2504 presentibus
475 2462 610 2493 testibus
642 2462 764 2492 vocatis
797 2465 828 2490 et
860 2460 980 2500 rogatis
1016 2458 1144 2488 domino
1174 2457 1305 2488 Guietto
1337 2457 1468 2497 (*ap‹)no
1500 2456 1564 2486 filio
1600 2455 1761 2496 quondam

104 2514 225 2546 domini
248 2515 358 2546 Iacobi
384 2518 475 2556 porte
500 2514 656 2553 Cumane„
682 2513 810 2543 domino
828 2511 1008 2542 Albertono
1033 2509 1097 2540 filio
1124 2509 1285 2550 quondam
1311 2508 1430 2539 domini
1447 2507 1649 2538 Princivallis
1668 2531 1759 2537 .....

103 2570 194 2608 porte
218 2567 397 2598 Ticinensis
421 2570 453 2597 et
476 2565 660 2597 Rizardello
686 2565 750 2595 filio
777 2564 896 2594 domini
923 2562 1055 2592 Oliverii
1082 2561 1121 2591 de
1147 2561 1250 2591 Puteo
1276 2568 1366 2601 porte
1392 2560 1546 2590 (fl'umanc.

211 2618 255 2658 (S.
272 2618 325 2658 N.)
350 2618 420 2659 Ego
438 2618 577 2649 Bencius
596 2617 635 2648 de
654 2615 853 2647 Alexandria
870 2613 1028 2654 imperiali
1055 2637 1162 2643 .....
1188 2611 1300 2642 iudicis
1317 2611 1357 2642 ad
1377 2611 1517 2652 predicta
1538 2611 1597 2641 hiis
1614 2610 1761 2641 omnibus

102 2670 231 2701 interfui
249 2674 282 2701 et
297 2673 430 2711 rogatus
447 2669 564 2700 tradidi
583 2673 615 2699 et
633 2668 673 2699 ad
691 2666 892 2698 scribendum
913 2664 1044 2696 exhibui
1064 2662 1287 2705 infra[scripto]
1306 2664 1428 2693 notario
1454 2668 1484 2693 ct
1509 2673 1560 2693 1110
1578 2662 1759 2702 subscripsi.

212 2722 256 2761 (S.
273 2721 327 2762 N.)
350 2722 421 2763 Ego
446 2721 647 2752 Rizardollus
671 2719 753 2750 filius
783 2717 903 2748 domini
929 2716 1060 2746 Oliverii
1093 2715 1132 2745 (le
1158 2715 1260 2745 Puteo
1286 2715 1427 2745 notarius
1453 2738 1560 2745 .....
1584 2713 1760 2744 Mediolani

101 2777 194 2813 porte
220 2773 364 2804 Cumane
389 2774 474 2804 iussu
499 2772 706 2814 suprascripti
731 2770 844 2801 notarii
870 2769 989 2809 scripsi.

1780 2158 1839 2182 <epa
1856 2159 1885 2177 17,
