2102 3177
58 761 81 780 10

56 1019 78 1038 1⁵

54 1541 77 1561 25

54 2061 77 2082 ³5

52 2583 76 2603 4⁵

478 197 709 224 MEMORIALIA
730 199 775 225 ET
796 199 1096 231 DISQUISITnssffiEs.
1135 201 1208 227 1313.
1248 202 1293 227 Nr.
1309 202 1382 228 1231.
1679 206 1757 235 1357

101 286 248 316 astrictus
273 285 398 315 vinculo
423 285 587 315 cuiusdam
613 285 776 316 fidelitatis
804 286 845 316 ad
878 287 979 327 ipsum
1005 288 1248 328 inqwratorcln,
1279 289 1359 319 sieut
1388 289 1536 320 dominus
1565 289 1664 320 (101101
1688 300 1759 321 esse

101 336 204 368 fidelis
228 347 320 367 servo
348 336 397 367 vel
422 336 551 367 subdito
577 336 627 366 vel
652 337 800 367 vassallo.
850 337 901 367 Ex
925 338 984 368 hiis
1009 343 1204 379 apparenter
1229 344 1336 380 posset
1360 340 1461 371 videri
1486 341 1594 374 alieui.
1625 342 1710 382 quod
1735 343 1758 371 si

102 388 246 420 dominus
264 399 347 429 papa
374 399 435 418 non
461 389 647 428 conpescuit
663 388 785 419 Tuscos
809 399 828 419 a
852 390 1029 421 rebellione
1048 402 1144 431 quani
1162 396 1375 422 exercuerunt
1393 396 1503 423 contra
1521 393 1759 434 imperatorem.

101 440 185 482 quod
210 441 278 481 ipse
303 441 478 481 imperator
502 444 611 481 posset
635 451 669 471 se
695 440 802 471 dicere
828 441 1009 472 absolutum
1034 453 1052 472 a
1077 443 1201 474 vineulo
1227 443 1391 474 fidelitatis
1420 451 1451 474 et
1481 445 1671 483 iuramento,
1697 457 1758 486 quo

101 496 169 524 erat
193 492 322 523 domino
347 503 471 522 summo
496 493 638 532 pontifici
664 491 842 532 obligatuS.
875 503 931 533 pro
964 504 1001 523 eo
1027 494 1112 534 quod
1140 495 1171 524 in
1200 495 1342 535 predicta
1377 495 1553 526 rebellione
1582 496 1757 527 Tus-eorum

99 555 160 575 non
185 544 244 574 fuit
269 547 421 584 expertus
445 545 600 574 auxilium
626 544 746 574 domini
771 554 870 584 pape,
903 545 988 585 quod
1020 545 1120 576 debet
1149 546 1296 576 dominus
1328 546 1516 587 impendere
1547 558 1604 578 suo
1629 548 1760 578 subdito

99 595 150 627 vel
173 595 320 626 vassallo.
367 595 409 626 Et
434 599 522 626 certe
547 606 609 626 non
635 598 684 626 est
708 595 763 625 ita.
809 595 861 625 Ad
887 597 975 626 ouius
1000 596 1194 628 evidentiam
1226 602 1274 628 est
1298 598 1478 635 sciendum,
1508 599 1593 639 quod
1624 600 1704 630 sieut
1730 601 1758 629 in

103 648 166 679 alia
189 648 320 678 scicntia
346 647 480 677 traditur
504 647 564 677 tria
589 651 661 677 sunt
684 657 805 687 genera
830 647 1052 687 relativorum,
1085 649 1224 689 quedam
1256 654 1327 680 suut
1356 650 1490 680 relativa
1520 651 1702 691 equalitatis
1728 655 1760 681 01

101 700 276 731 secundum
309 700 405 730 istum
428 698 560 729 modum
585 698 734 729 dicuntur
758 699 892 729 relativa
922 699 984 730 duo
1016 700 1103 733 alba.
1137 701 1219 731 111101·
1243 712 1304 742 qne
1331 706 1379 732 est
1403 702 1515 732 relatio
1541 713 1601 743 quo
1627 708 1760 733 vocatur

100 751 285 791 similitude,
311 750 449 792 quedam
476 755 523 781 est
548 751 662 781 relatio
687 761 744 781 seu
769 750 907 791 quedam
933 752 1067 782 relativa
1086 754 1350 793 superpositionis
1376 757 1407 784 et
1431 754 1490 784 isto
1509 754 1603 785 modo
1622 755 1759 786 refertur

99 803 233 834 relative
258 803 405 834 dominus
430 802 471 833 ad
496 813 624 833 servum
649 803 812 833 subditum
837 803 888 833 vel
913 804 1099 834 vassallum.
1132 804 1195 834 alia
1219 809 1291 835 sunt
1316 805 1449 836 relativa
1475 807 1702 846 suppositionis
1727 811 1758 837 et

97 856 157 886 isto
182 855 278 886 modo
296 855 478 886 referuntur
495 865 615 891 serqu
641 854 788 885 subditus
813 853 906 896 [vem
930 855 1085 886 vassallus
1110 855 1150 886 ad
1169 856 1333 887 dominum
1350 857 1509 897 prelatum
1528 857 1577 888 vel
1596 863 1757 898 pastorem

98 918 199 938 suum.
245 906 303 937 Est
328 907 435 947 itaque
461 906 625 937 sciendum
657 906 743 947 quod
771 907 917 947 quamvis
950 907 1191 938 fundamentum
1222 909 1386 938 relationis
1415 909 1535 940 debeat
1565 910 1696 950 reperiri
1729 911 1757 939 in

97 962 232 1000 utroque
266 962 412 989 extremo
443 958 640 999 generaliter
671 962 704 989 et
733 969 792 999 per
822 969 1036 999 consequens7
1070 960 1150 989 sieut
1183 960 1353 992 vassallus,
1389 971 1499 991 servus
1531 961 1580 991 vel
1613 961 1758 992 subditus

98 1010 219 1042 debent
236 1021 306 1041 esse
324 1010 437 1041 fideles
455 1010 583 1041 domino
601 1010 781 1044 serviendo,
808 1011 1002 1044 obediendo.
1028 1011 1243 1042 (leff‹;›11dc11‹1‹:‚
1262 1012 1436 1042 secundum
1456 1013 1597 1050 modum,
1621 1013 1756 1054 gradum

99 1065 131 1094 et
154 1066 300 1093 naturam
325 1073 388 1103 qua
412 1066 485 1092 sunt
509 1062 660 1099 subiecti,
694 1063 738 1092 sic
763 1072 937 1093 econverso
969 1063 1116 1093 dominus
1147 1064 1292 1104 superior
1316 1074 1372 1094 seu
1397 1064 1538 1104 prelatus
1564 1065 1662 1095 debet
1687 1076 1756 1095 esse

96 1114 199 1146 fidelis
224 1125 317 1145 servo
342 1114 470 1145 subdito
488 1114 539 1144 vel
556 1114 696 1144 vassallo
722 1113 896 1145 seeundum
919 1114 1032 1145 modos
1058 1115 1110 1155 qui
1136 1118 1323 1156 00111110111111
1347 1116 1376 1145 01
1401 1117 1524 1146 ratione
1549 1117 1597 1147 sui
1614 1117 1756 1147 dominii.

98 1166 154 1198 Set
177 1166 291 1198 relatio
317 1167 379 1197 ista
403 1167 497 1197 aliter
526 1167 609 1207 perit
639 1167 722 1197 inter
744 1166 880 1197 relativa
906 1177 967 1207 que
993 1166 1141 1197 dicuntur
1165 1167 1299 1197 relativa
1324 1167 1524 1208 equalitatis,
1556 1169 1650 1199 aliter
1675 1170 1757 1209 perit

95 1219 178 1249 inter
206 1218 341 1249 relativa
371 1219 637 1259 superpositionis
666 1222 697 1248 et
722 1219 959 1259 suppositionis
1012 1218 1091 1249 (s'um
1118 1219 1201 1249 enim
1233 1218 1295 1249 duo
1327 1219 1400 1249 alba
1430 1220 1492 1250 sint
1516 1220 1649 1251 relativa
1674 1221 1756 1251 rela-

97 1270 182 1301 tione
208 1270 392 1311 equalitatis
417 1281 479 1311 que
505 1274 636 1301 vocatur
660 1269 846 1305 similitudo,
872 1270 1019 1300 omnibus
1044 1270 1105 1300 illis
1129 1270 1232 1300 modis
1259 1270 1372 1311 quibus
1397 1275 1503 1312 potest
1521 1273 1625 1313 perire
1644 1273 1756 1302 relatio

95 1333 151 1354 seu
175 1322 418 1353 fundamentum
443 1322 608 1353 relationis
632 1333 673 1353 ex
696 1326 788 1363 parte
813 1322 905 1352 unius
931 1322 1084 1359 extremi,
1114 1321 1261 1352 omnibus
1287 1322 1347 1352 illis
1375 1323 1496 1353 modisc
1521 1328 1626 1364 potest
1652 1325 1756 1364 perire

46 1372 49 1374 v
95 1375 207 1407 relatio
233 1385 290 1406 seu
314 1375 558 1406 fundamentum
584 1374 769 1405 relationisd
793 1374 926 1404 alterius
957 1374 1107 1405 extremi.
1138 1378 1169 1404 et
1198 1374 1257 1404 1100
1287 1375 1483 1415 generaliter
1511 1378 1559 1405 est
1587 1386 1696 1406 verum
1727 1376 1756 1406 in

95 1427 241 1458 omnibus
265 1427 407 1458 relativis
429 1427 622 1468 equalitatis.
668 1427 706 1457 In
730 1425 873 1457 relativis
898 1430 1006 1456 autem
1026 1426 1134 1466 qualia
1150 1430 1222 1456 sunt
1240 1425 1386 1456 dominus
1411 1430 1443 1456 et
1467 1438 1585 1460 servus,
1611 1427 1756 1457 subditus

94 1479 145 1511 vel
168 1479 323 1510 vassallus
350 1489 412 1510 non
438 1482 486 1510 est
510 1480 563 1509 ita.
609 1478 715 1509 Aliter
739 1479 824 1509 enim
854 1482 885 1509 et
910 1479 981 1508 aliis
1010 1478 1113 1508 modis
1144 1479 1226 1518 perit
1255 1478 1368 1508 relatio
1399 1488 1439 1508 ex
1469 1482 1559 1519 parte
1589 1480 1670 1510 servi
1700 1490 1755 1509 seu

96 1531 213 1562 subditi
236 1535 268 1563 et
292 1531 386 1562 aliter
410 1541 451 1561 ex
475 1535 567 1571 parte
591 1530 722 1561 domini.
769 1530 841 1561 Non
867 1530 951 1560 enim
976 1529 1017 1560 ad
1042 1530 1132 1570 paria
1150 1529 1340 1565 imlicantur,
1366 1531 1439 1570 quia
1457 1542 1518 1561 non
1536 1535 1607 1561 sunt
1625 1531 1754 1561 relativa

96 1583 294 1624 equalitatis,
328 1588 377 1614 set
406 1583 672 1624 superpositionis
703 1586 735 1613 et
763 1583 1021 1623 suppositionis:
1069 1581 1226 1613 Yidemus
1258 1583 1342 1612 enim
1375 1582 1459 1623 quod
1493 1583 1517 1613 si
1549 1583 1695 1613 dmninus
1725 1588 1756 1613 et

95 1645 204 1666 servus
228 1635 432 1666 comunicant
458 1636 489 1666 in
515 1635 630 1666 eodem
656 1635 803 1674 crimine,
835 1635 939 1665 aerius
969 1638 1001 1664 et
1030 1634 1138 1664 durius
1170 1635 1298 1674 punitur
1330 1645 1439 1665 servus
1471 1645 1565 1675 quain
1597 1635 1754 1665 dominus.

95 1686 218 1718 Eodem
242 1687 338 1718 modo
364 1688 389 1717 si
415 1687 561 1718 dominus
586 1688 626 1717 sit
650 1687 928 1721 excomunicatus,
954 1697 1015 1716 non
1041 1689 1174 1727 propter
1199 1686 1258 1716 1100
1283 1697 1393 1717 servus
1417 1697 1508 1716 suuni
1534 1687 1563 1717 ei
1588 1687 1755 1717 servicium

96 1738 296 1780 denegabas,
321 1739 418 1769 immo
444 1742 571 1769 tenetur
596 1739 624 1769 ei
650 1739 780 1769 servire.
828 1738 900 1768 Non
925 1742 1033 1768 tamen
1059 1742 1204 1770 econtra.
1230 1739 1304 1778 quia
1329 1739 1353 1768 si
1379 1749 1488 1768 servus
1513 1739 1552 1768 sit
1570 1739 1754 1768 excomuni-

95 1795 198 1829 catus,
228 1791 376 1821 dominus
399 1801 462 1821 non
488 1794 616 1821 tenetur
642 1791 671 1821 ei
695 1791 910 1821 comunicare.
958 1789 1115 1820 Videmus
1139 1791 1235 1820 etiam
1262 1790 1347 1830 quod
1373 1790 1461 1831 plura
1487 1790 1691 1831 requiruntur
1716 1790 1755 1820 ad

96 1842 336 1874 destitutionem
363 1853 419 1873 seu
444 1842 681 1883 depositionem
705 1843 880 1884 superioris
911 1852 1007 1883 quain
1031 1842 1192 1872 inferioris
1216 1846 1250 1872 ut
1275 1843 1367 1872 unius
1392 1842 1535 1882 episcopi
1560 1852 1655 1881 quani
1680 1842 1753 1871 sin]-

95 1895 184 1935 plicis
208 1895 394 1926 sacerdotis.
441 1894 483 1925 Et
507 1896 550 1925 sic
575 1895 768 1936 regulariter
793 1899 840 1925 est
864 1905 974 1925 verum
1000 1893 1174 1924 secundum
1192 1894 1331 1924 maiores
1348 1893 1466 1934 gradus
1484 1893 1656 1934 dignitatis.
1703 1893 1754 1923 Ad

94 1946 154 1977 hoc
179 1947 262 1978 enim
288 1946 374 1988 quod
398 1947 574 1987 imperator
598 1947 800 1982 destituatur,
826 1947 1031 1987 requiruntur
1053 1945 1159 1986 plures
1178 1945 1333 1975 dofflwtus
1359 1950 1391 1975 et
1415 1946 1522 1985 plures
1548 1945 1754 1985 probationes

95 2009 190 2039 quam
215 1999 255 2029 de
280 2010 343 2029 uno
374 1999 510 2039 simplici
536 1999 690 2040 principe.
737 1999 786 2029 Ex
811 1998 927 2040 quibus
952 1997 1098 2028 omnibus
1123 2002 1212 2038 patct
1236 1997 1322 2038 quod
1346 1997 1387 2027 ad
1412 1997 1471 2027 hoc
1496 1997 1582 2037 quod
1607 1996 1753 2026 dominus

95 2050 190 2082 cadat
218 2061 236 2081 a
268 2051 350 2089 iure,
386 2050 472 2091 quod
501 2050 600 2081 habet
635 2061 730 2091 super
759 2050 944 2081 inferiorem
977 2060 1032 2080 seu
1063 2060 1189 2079 servum
1221 2049 1269 2080 vel
1300 2048 1460 2079 subditum
1490 2049 1540 2079 vel
1570 2048 1752 2078 vassallum.

94 2113 150 2134 seu
174 2103 235 2134 adg
265 2103 325 2134 hoc
350 2103 436 2144 quod
465 2102 610 2133 subditus
639 2102 825 2133 absolvatur
857 2113 875 2132 a
909 2101 1079 2137 fidelitate,
1111 2111 1173 2141 qua
1202 2101 1387 2139 astringitur
1416 2100 1559 2133 domino.
1591 2100 1697 2140 plures
1722 2104 1753 2130 et

94 2155 231 2185 maiores
266 2154 424 2186 deffectus
460 2155 663 2196 requiruntur
699 2165 794 2196 quani
830 2154 1035 2195 requirantur
1070 2153 1109 2183 ad
1146 2153 1204 2183 hoe
1241 2153 1347 2193 quodh
1383 2163 1492 2183 servus
1527 2152 1672 2182 subditus
1703 2151 1753 2181 vel

93 2206 248 2237 vassallus
265 2207 382 2238 cadant
406 2218 423 2237 a
449 2207 516 2237 iure
541 2217 607 2240 suo,
634 2210 666 2237 et
690 2218 746 2247 pro
771 2207 886 2237 minori
905 2205 1021 2236 delicto
1048 2209 1095 2236 est
1113 2205 1259 2235 subditus
1276 2204 1455 2245 puniendus
1480 2209 1511 2234 01
1536 2205 1632 2234 etiam
1651 2205 1752 2243 inagis

93 2258 286 2299 puniendus7
316 2259 342 2288 si
371 2258 538 2299 delinquat
567 2262 676 2289 contra
710 2259 869 2299 prelatum
902 2268 998 2299 quam
1028 2257 1171 2298 prelatus
1200 2257 1224 2286 si
1256 2256 1422 2297 delinquat
1451 2260 1561 2286 contra
1590 2255 1751 2286 subditum

95 2313 127 2340 et
150 2320 190 2341 ex
213 2311 329 2341 minori
354 2310 472 2341 delicto
497 2311 583 2341 cadit
607 2310 762 2341 vassallus
791 2321 810 2341 a
838 2311 906 2341 iure
937 2309 1024 2340 feodi
1054 2319 1148 2350 quam
1179 2308 1275 2339 cadat
1304 2307 1450 2338 dominns
1474 2317 1492 2337 a
1519 2308 1585 2337 inre
1611 2307 1751 2337 dominii.

93 2361 159 2392 Ista
183 2362 267 2393 enim
293 2362 356 2393 duo
382 2362 475 2392 simul
499 2366 598 2403 stant,
623 2363 746 2394 seilicet
770 2362 856 2404 quod
881 2362 975 2402 eulpa
1004 2362 1133 2402 periurii
1160 2361 1210 2391 vel
1239 2361 1301 2390 alia
1330 2359 1500 2391 consimilis
1529 2359 1621 2399 01111111
1652 2359 1753 2389 maior

95 2417 142 2444 est
165 2414 196 2444 in
220 2414 345 2455 prelato
371 2425 467 2455 quarn
492 2415 521 2444 in
548 2414 676 2445 subdito
710 2418 742 2445 et
772 2415 801 2445 in
828 2414 957 2444 domino
983 2424 1077 2454 quam
1104 2414 1133 2442 in
1158 2423 1249 2442 servo
1274 2412 1325 2442 vel
1350 2411 1495 2441 vassallo.
1543 2410 1583 2440 Et
1607 2410 1679 2440 111110
1705 2414 1751 2439 est

95 2465 178 2506 quod
195 2469 314 2507 quanto
340 2466 458 2507 gradus
476 2467 581 2502 altior,
606 2470 694 2497 tanto
713 2478 805 2498 casus
830 2471 862 2497 et
887 2466 980 2506 eulpa
998 2466 1126 2506 gravior
1151 2469 1181 2495 et
1207 2464 1430 2494 nichilominus
1450 2473 1557 2493 verum
1584 2466 1640 2493 est.
1666 2462 1751 2502 quod

93 2527 149 2558 pro
173 2518 329 2548 consimili
354 2518 448 2559 culpa
473 2518 544 2559 plus
568 2520 697 2560 punitur
720 2519 852 2549 inferior
876 2529 973 2559 quam
998 2517 1145 2558 superior
1169 2520 1322 2557 quantum
1348 2515 1389 2545 ad
1415 2514 1559 2544 iuditium
1578 2514 1750 2543 luunanuni

94 2578 150 2599 seu
173 2573 327 2610 quantum
359 2570 399 2601 ad
429 2581 543 2611 penam
574 2571 659 2602 iuris.
707 2570 805 2602 Cuius
836 2571 916 2601 ratio
946 2573 1053 2610 potest
1083 2580 1152 2599 esse
1188 2568 1273 2608 quod
1303 2568 1380 2597 ordo
1413 2567 1507 2597 totius
1533 2566 1668 2595 universi
1694 2576 1749 2596 seu

93 2621 189 2652 totius
212 2622 332 2659 mundi,
357 2623 409 2663 qui
435 2624 578 2653 consistit
603 2624 633 2653 in
657 2622 810 2664 gradibus
828 2623 1012 2653 inferiorum
1039 2625 1071 2650 et
1095 2620 1294 2660 superiorum
1320 2630 1374 2649 sen
1394 2618 1593 2649 dominorum
1619 2622 1650 2648 et
1675 2616 1749 2646 sul·-

94 2670 240 2709 ditorum,
265 2674 369 2714 magis
393 2673 491 2705 habet
515 2686 604 2706 suam
630 2675 812 2706 firmitatem
839 2677 871 2704 et
895 2684 984 2704 suani
1011 2672 1220 2703 stabilitatem
1238 2681 1392 2711 suamque
1410 2670 1580 2700 utilitatem
1601 2679 1641 2699 ex
1658 2672 1749 2709 parte

194 2784 276 2812 1251.
297 2787 319 2817 ¹’)
341 2786 409 2810 deest
427 2795 447 2811 c.
538 2791 560 2817 ⁰)
581 2789 674 2821 quilius
694 2788 754 2811 add.
776 2796 796 2811 c.
890 2784 914 2815 (¹)
935 2794 965 2809 ex
987 2791 1056 2817 parte
1077 2785 1152 2808 unius
1172 2784 1232 2807 add.
1253 2793 1270 2807 «³.
1367 2787 1389 2802 ’ἓν
1410 2791 1486 2814 super
1505 2782 1636 2814 positionis·
1656 2782 1680 2805 lu
1695 2782 1749 2813 ‘rim‘

93 2827 173 2853 lineae
192 2837 212 2853 c.
301 2828 319 2860 Γ)
340 2830 346 2854 1
366 2837 433 2854 corr.
453 2839 483 2855 ea·
502 2840 517 2855 a
536 2840 555 2855 ςΑ
650 2836 674 2861 12¹)
694 2840 760 2855 eurr.
781 2839 857 2862 super
876 2838 906 2853 ex
928 2838 947 2852 c.
1041 2827 1064 2848 ¹¹¹
1087 2827 1172 2858 ἱιινίρίί
1192 2827 1216 2850 sn
1238 2835 1299 2850 vim-0
1319 2827 1383 2857 fallo
1404 2827 1491 2849 ism-mu
1516 2834 1604 2849 manus
1621 2826 1707 2856 prima
1728 2834 1747 2848 ‹·.
