2102 3177
248 197 545 223 SUPPLEMENTUM
566 198 614 224 AD
635 198 800 225 HEINRICI
822 199 925 225 REGIS
945 199 1270 228 ‹2·‹i›NsT1T['TIONEs.
1310 202 1383 228 1312.
1421 203 1468 229 Nr.
1484 204 1557 230 1292.
1652 208 1723 235 14311

74 283 161 325 quod
186 284 328 315 tenebat.
376 284 427 314 Illi
452 284 491 315 de
516 285 633 315 Tuscia
658 296 728 316 cum
746 286 1003 317 Bononiensibus
1027 287 1173 318 homines
1198 289 1332 329 equites.
1358 300 1436 330 quos
1453 290 1573 321 habere
1591 291 1729 325 valeant,

74 335 204 366 mittunt
226 335 375 369 Romam.
400 336 444 366 sic
462 336 547 376 quod
564 336 785 368 Bononienses
802 345 963 369 trecentos
980 338 1125 369 homines
1143 341 1267 381 equites
1285 340 1425 382 dirigunt
1441 352 1522 372 nunc
1540 342 1580 373 ad
1598 354 1728 383 presens

73 389 105 417 et
128 386 303 418 secundum
336 387 422 428 quod
453 387 568 418 dicitur
592 392 726 429 utraque
752 399 825 429 pars
850 389 943 420 valde
969 390 1059 420 fortis
1084 390 1123 421 (19
1149 391 1298 431 gentibus
1323 396 1371 422 est
1395 393 1425 422 in
1450 393 1563 424 Roma.
1604 395 1725 425 Tamen

71 442 107 468 ut
130 443 244 479 aparet
267 438 352 469 faeta
377 438 497 469 domini
521 440 724 480 imperatoris
741 440 781 470 ad
800 440 862 471 duo
881 441 1037 482 pendent:
1065 443 1166 482 primo
1192 443 1231 473 ad
1257 444 1288 473 id
1314 444 1398 484 quod
1416 455 1557 475 summus
1581 447 1726 486 pontifex

43 502 54 520 ε,
75 489 183 520 facere
208 490 294 520 volet
324 490 363 521 de
394 491 605 521 coronacione
636 491 748 532 ipsius,
784 493 837 533 qui
868 503 969 533 usque
1001 504 1082 523 nune
1112 505 1168 534 pro
1202 506 1239 525 eo
1271 495 1352 526 bene
1382 507 1479 536 agere
1505 507 1565 527 non
1590 498 1726 529 videtur.

31 759 54 777 10

26 1011 50 1030 15

21 2056 45 2075 ³5

17 2315 45 2334 40

74 541 222 573 Secundo
247 542 332 583 quod
358 543 410 583 qui
435 543 572 573 maiores
597 548 740 584 sumptus
765 544 871 575 facere
890 545 1008 585 poterit
1033 552 1065 575 et
1089 546 1159 586 plus
1185 572 1189 576 .
1209 571 1215 576 .
1234 547 1261 577 ,b
1285 547 1344 577 hoc
1370 548 1465 578 modo
1484 550 1610 588 morari,
1634 550 1726 581 huius

71 595 147 628 faeti
171 595 298 635 penitus
322 595 422 624 victor
447 595 515 625 erit.
555 594 597 624 Et
620 605 678 635 per
702 595 883 626 huiusmodi
910 597 993 627 viam
1017 596 1169 628 Sanctum
1187 597 1319 629 Petrum
1346 603 1378 629 et
1395 599 1547 631 Sanctum
1565 601 1724 641 Angelum

71 649 115 679 sic
144 646 301 685 tenendo,
326 646 451 676 videtur
486 646 572 687 quod
603 646 750 677 dominus
786 658 843 677 rex
876 647 1039 678 Robertus
1076 660 1264 680 consumare
1298 650 1459 682 dominum
1496 653 1723 693 imperatorem

69 698 225 737 intendat,
250 697 293 728 sic
319 697 404 738 quod
430 699 496 728 eius
521 698 606 728 facta
629 698 700 739 plus
726 700 805 730 ...¹¹
830 710 891 729 non
917 700 1102 740 procedant.

179 749 291 791 Nuper
315 753 423 780 autem
447 749 587 790 quedam
605 750 700 791 galea
721 750 883 781 Fraucisci
901 752 999 782 Aurie
1025 752 1064 782 de
1083 752 1190 783 Sicilia
1208 754 1303 787 venit,
1329 755 1417 785 cuius
1440 759 1552 796 gentes
1577 765 1725 787 enarrant

72 802 233 834 dominum
251 811 363 842 regem
379 801 587 832 Fredericum
605 803 799 833 concessisse
817 804 1005 834 stautai-ium
1024 804 1063 834 de
1081 804 1182 845 galeis
1200 806 1329 845 triginta
1348 810 1379 837 et
1392 807 1477 847 quod
1494 808 1525 837 in
1543 809 1610 838 eius
1627 809 1724 839 90110-

71 854 145 895 (1010
164 853 255 892 dixit,
281 863 314 884 se
339 853 407 884 fore
426 864 497 884 cum
515 853 643 884 domino
668 855 864 895 imperatore
884 855 1076 886 concordem
1102 867 1138 886 ac
1164 867 1233 887 cum
1260 868 1298 887 eo
1317 864 1519 898 parentatum
1545 860 1658 891 fecisse
1684 861 1723 891 de

71 905 209 947 quadam
234 905 298 935 filia
322 905 420 946 ipsius
438 905 558 936 domini
574 906 776 947 imperatoris
793 908 844 937 uui
871 908 938 937 eius
955 907 1019 938 filio
1046 917 1076 938 et
1101 908 1185 949 quod
1210 920 1279 939 eum
1298 910 1364 939 istis
1381 911 1482 951 galeis
1499 922 1570 942 eum
1588 912 1723 943 homini-

69 957 128 988 bus
145 958 305 988 sexcentis
322 956 482 998 equitibus
499 957 636 988 intendit
653 969 762 988 versus
779 958 915 989 Romam
941 959 1078 1000 dirigere
1104 971 1176 990 suos
1201 971 1328 1001 gressus
1353 963 1382 992 iu
1407 963 1504 1003 ipsius
1522 964 1723 1004 imperatoris

70 1009 225 1040 auxilium
249 1012 281 1039 et
304 1008 456 1039 favorem.
499 1008 567 1044 Que
592 1019 675 1040 nova
692 1010 786 1040 valde
806 1010 954 1041 videntur
972 1017 1126 1041 extranea.
1144 1022 1200 1041 nec
1219 1012 1266 1042 his
1284 1012 1366 1043 boue
1384 1018 1490 1054 potest
1515 1015 1609 1045 tribui
1627 1015 1720 1056 plena

69 1060 158 1091 fides.
198 1060 310 1091 Potius
328 1059 469 1090 creditur
484 1061 588 1101 ipsum
613 1061 671 1091 hec
690 1061 797 1092 faeere
823 1073 878 1102 pro
898 1063 1065 1093 existendo
1092 1072 1236 1103 paratum
1262 1075 1298 1094 ae
1320 1065 1454 1096 volendo
1481 1067 1565 1107 quod
1591 1068 1721 1108 quicun-

69 1122 131 1153 que
148 1111 274 1142 illorum
291 1112 442 1152 vinceret,
461 1116 515 1142 aut
533 1112 679 1143 domiuus
692 1114 868 1154 imperator
885 1121 938 1145 aut
953 1115 1098 1145 dominus
1116 1125 1172 1145 rex
1187 1115 1358 1149 Robertuffi
1377 1127 1448 1147 eum
1468 1117 1549 1148 bene
1567 1119 1722 1149 inveniret

69 1164 109 1194 de
126 1164 191 1194 suis
208 1163 357 1204 gentibus
374 1168 581 1204 preparatum
604 1175 641 1195 ac
659 1170 759 1196 totam
778 1167 845 1196 eius
864 1170 980 1196 terram
1000 1168 1120 1207 optime
1139 1172 1343 1208 preparatam
1370 1172 1401 1199 et
1419 1170 1514 1200 etiam
1533 1171 1721 1201 ordinatam.

177 1215 356 1246 Commune
373 1220 515 1246 nostrum
541 1216 618 1246 facit
634 1217 746 1257 galeas
764 1218 806 1248 VI
834 1229 891 1258 pro
916 1229 977 1248 11110
995 1229 1104 1249 mense
1124 1220 1239 1259 parari,
1265 1220 1304 1250 de
1327 1221 1440 1261 (111111οκ
1465 1226 1513 1251 est.
1536 1224 1722 1253 ammiratus

70 1267 222 1298 mandato
249 1267 368 1297 domini
393 1268 597 1308 imperatoris
622 1268 768 1299 domiuus
792 1269 957 1300 Bernabas
981 1271 1109 1309 Aurea,
1141 1281 1220 1311 quas
1250 1271 1408 1302 credimus
1436 1273 1503 1303 fore
1530 1280 1658 1314 paratas
1683 1285 1719 1305 ac

69 1329 220 1360 separare
245 1319 317 1349 hinc
343 1318 384 1349 ad
409 1319 550 1350 medium
575 1330 719 1351 mensem
744 1321 817 1351 Iulii
841 1322 987 1362 proxime
1018 1326 1194 1352 venturum.
1241 1322 1350 1353 Pisani
1376 1335 1503 1365 quoque
1528 1326 1591 1355 iam
1616 1336 1719 1357 arma-

67 1374 181 1402 verunt
207 1370 287 1401 alias
311 1370 358 1401 VI
386 1370 497 1411 galeas
520 1372 619 1402 ituras
648 1373 677 1402 in
711 1373 861 1403 comitiva
890 1384 960 1403 cum
998 1374 1073 1404 istis,
1120 1373 1275 1405 Preterea
1307 1375 1452 1406 dominus
1477 1386 1533 1406 rex
1558 1376 1720 1408 Robertus

68 1422 178 1463 galeas
207 1425 348 1453 armatas
383 1422 413 1452 in
447 1423 526 1453 mari
558 1423 790 1464 quinquaginta
826 1424 941 1455 dicitur
971 1425 1145 1455 habiturus.
1194 1425 1245 1456 Sic
1269 1426 1396 1457 videtur
1426 1428 1510 1468 quod
1542 1429 1609 1458 eius
1634 1429 1719 1459 facta

69 1473 163 1504 valde
189 1474 323 1504 tendant
346 1473 386 1504 ad
411 1484 509 1506 mare.
536 1476 685 1515 quoniam
711 1477 736 1506 si
761 1487 848 1507 mare
873 1476 1034 1517 perderet.
1060 1477 1144 1507 facta
1169 1488 1226 1507 sua
1251 1479 1280 1507 iu
1305 1489 1421 1518 magno
1447 1490 1521 1509 casu
1546 1491 1582 1510 ac
1607 1481 1716 1521 grandi

37 1536 47 1554 ε,
66 1525 210 1567 periculo
227 1526 407 1556 iminerent.
447 1526 497 1556 Illi
523 1526 562 1557 de
578 1527 693 1568 Regno
719 1532 751 1558 et
775 1529 958 1569 specialiter
983 1539 1061 1569 gens
1079 1530 1197 1559 minuta
1217 1531 1412 1570 generaliter
1430 1531 1591 1562 domiuum
1617 1533 1717 1574 impe-

67 1581 206 1609 ratorem
232 1578 418 1608 desiderant
443 1582 474 1608 et
498 1578 648 1609 afeetant.

174 1629 350 1660 Lumbardi
368 1640 496 1670 quoque
515 1634 708 1670 permanent
730 1631 790 1661 isto
815 1631 910 1662 modo
936 1643 992 1672 pro
1011 1632 1195 1663 Mediolano
1221 1644 1291 1663 cum
1318 1635 1433 1664 comite
1451 1634 1638 1666 Guarnerio.
1665 1637 1716 1676 qui

64 1692 121 1722 pro
147 1681 275 1712 domino
301 1682 495 1722 imperatore
520 1683 550 1712 in
568 1682 765 1713 Lumbardia
790 1686 838 1713 est
861 1684 997 1714 vicarius
1022 1685 1191 1724 generalis,
1223 1690 1255 1715 et
1280 1696 1349 1716 90111
1376 1687 1559 1717 marchione
1584 1687 1716 1717 Montis—

65 1732 173 1764 ferrati
198 1743 235 1763 ac
260 1732 389 1763 domino
414 1733 565 1774 Philippo
592 1734 630 1764 de
658 1733 820 1764 Sabaudia
851 1738 883 1764 et
916 1745 986 1765 cum
1017 1736 1086 1765 aliis
1117 1737 1209 1766 terris
1240 1738 1452 1768 existentibus
1478 1739 1506 1768 in
1532 1738 1713 1769 obedientia

66 1784 184 1815 domini
201 1785 405 1825 imperatoris
429 1789 500 1815 sunt
524 1786 554 1815 in
573 1786 717 1816 exercitu
742 1787 823 1816 circa
842 1785 977 1827 Papiam
1003 1791 1035 1817 et
1058 1788 1145 1818 illam
1164 1789 1357 1819 obsederunt
1382 1793 1413 1820 et
1429 1801 1528 1830 usque
1554 1790 1717 1821 10110111·ομι

65 1837 201 1867 civitatis
226 1836 414 1877 depopulati
439 1836 575 1867 fuerunt.
616 1837 657 1868 Et
681 1837 853 1868 seeundum
879 1839 964 1878 quod
986 1840 1119 1869 firmiter
1143 1840 1265 1872 (licitur.
1292 1846 1418 1881 oportet
1442 1842 1526 1882 quod
1551 1843 1582 1872 in
1607 1853 1715 1873 eorum

63 1899 176 1919 manus
206 1889 374 1929 perveniat
410 1899 468 1929 per
498 1889 580 1918 110119
610 1899 751 1919 mensem
788 1894 842 1920 aut
877 1900 934 1930 per
969 1891 1173 1921 concordium
1205 1896 1260 1922 11111
1290 1903 1347 1933 per
1372 1904 1593 1934 quemcunque
1618 1894 1713 1924 alium

63 1939 204 1970 modum.
250 1939 291 1970 Et
323 1941 393 1980 ipsa
417 1940 574 1971 veniendo
604 1940 645 1971 ad
677 1941 795 1972 domini
825 1943 1026 1983 imperatoris
1059 1943 1227 1983 mandata⁷
1257 1944 1350 1975 valde
1380 1945 1504 1975 videtur
1533 1945 1618 1986 quod
1648 1946 1715 1975 eius⁴

65 1992 150 2022 facta
174 1992 256 2022 bene
282 1995 314 2022 et
338 1991 471 2022 viriliter
500 1992 630 2022 stabunt
659 1994 690 2022 in
718 1993 862 2034 partibus
887 1994 1093 2025 Lumbardie.
1142 1995 1211 2030 Qua
1240 1996 1369 2036 quidem
1401 2005 1533 2036 accepta
1565 1997 1713 2028 creditur.

66 2043 150 2084 quod
174 2054 283 2074 versus
300 2044 530 2075 Alexandriam
557 2049 588 2075 et
605 2046 665 2075 Ast
689 2046 805 2076 fuerint
822 2047 991 2081 accessuri,
1018 2057 1079 2087 que
1104 2058 1137 2078 se
1155 2046 1291 2089 m[elius]
1316 2059 1409 2088 posse
1427 2050 1506 2078 tueri
1533 2049 1712 2079 ereduntur.

63 2094 105 2125 Et
128 2095 255 2136 quando
280 2096 324 2127 sie
348 2096 431 2127 foret
456 2097 541 2137 quod
566 2098 595 2127 in
613 2108 725 2128 manus
742 2098 866 2138 imperii
886 2099 1099 2138 pervenirent,
1125 2105 1236 2139 postea
1261 2099 1346 2130 nulla
1363 2101 1445 2130 foret
1469 2101 1498 2130 iu
1518 2101 1714 2131 Lumbardia

62 2146 195 2178 rebellio
220 2151 328 2178 contra
354 2148 467 2188 ipsum,
493 2149 536 2179 sie
562 2148 647 2189 quod
673 2149 819 2179 (lominus
844 2160 900 2180 rex
918 2149 1080 2180 Robertus
1106 2150 1145 2181 de
1170 2151 1366 2182 Lumbardia
1391 2156 1422 2182 et
1445 2152 1588 2192 partibus
1606 2152 1711 2183 Pede-

60 2199 221 2229 moncium
245 2199 321 2229 foris
346 2204 439 2230 esset.

168 2250 277 2281 Pisani
302 2261 377 2282 vero
402 2259 534 2292 propter
558 2253 785 2292 imperatorem
812 2256 883 2283 sunt
908 2254 937 2283 111
963 2253 1071 2284 (1911110
1097 2265 1213 2295 magno
1231 2254 1386 2295 subpositi
1413 2260 1444 2285 et
1461 2259 1545 2285 stare
1564 2255 1712 2286 videntur

62 2303 203 2333 maxime
229 2303 415 2343 stupefacti,
445 2304 489 2334 sie
514 2303 599 2344 quod
625 2305 677 2344 qui
702 2315 771 2334 cum
798 2305 843 2334 eis
868 2305 1004 2335 liaberet
1028 2305 1148 2346 aliquid
1174 2306 1295 2343 facere,
1326 2317 1437 2336 secure
1463 2310 1571 2347 posset
1604 2307 1710 2338 facere

63 2353 148 2384 facta
172 2365 238 2392 sua,
264 2355 330 2385 sine
356 2355 442 2395 quod
459 2359 623 2395 oporteret
648 2356 687 2386 de
712 2357 787 2397 ipsis
804 2357 925 2397 aliquid
951 2358 1134 2397 pertimere.
1175 2358 1241 2388 Neo
1267 2358 1305 2388 de
1331 2360 1468 2388 comumi
1493 2363 1599 2389 nostro
1625 2360 1709 2389 simi-

62 2404 151 2446 liter,
186 2407 261 2447 quia
289 2407 314 2436 si
347 2406 386 2436 de
417 2417 534 2447 guerra
565 2412 596 2437 et
627 2407 717 2448 briga
746 2419 885 2449 unquam
919 2409 977 2439 fuit
1007 2410 1090 2439 male
1122 2414 1282 2450 paratum.
1314 2411 1470 2440 veraciter
1498 2410 1592 2441 modo
1618 2414 1710 2449 ostar,

63 2458 212 2497 quoniam
237 2459 399 2489 internos
423 2458 516 2489 valde
546 2460 629 2490 male
659 2471 767 2490 sumus
799 2460 941 2501 dispositi
977 2464 1009 2491 91
1038 2462 1133 2492 etiam
1164 2461 1308 2491 ordinati.
1356 2461 1448 2492 Vnde
1478 2463 1528 2502 qui
1561 2463 1589 2492 111
1619 2462 1710 2493 sactis

62 2506 207 2540 Sardinie
232 2520 313 2540 nuuc
337 2510 435 2541 vellet
459 2511 640 2547 intendere,
674 2523 835 2553 nunquam
861 2513 918 2543 fuit
943 2513 1031 2544 locus
1056 2524 1113 2544 1199
1138 2517 1263 2554 tempus
1288 2514 1326 2543 de
1352 2514 1410 2543 hoc
1437 2518 1499 2544 tam
1525 2526 1709 2555 congruum.

63 2564 98 2590 ut
122 2564 170 2591 est
193 2561 288 2592 modo
314 2562 353 2592 ob
378 2563 527 2593 timorem
551 2563 686 2594 aliarum
710 2566 852 2604 gentium
878 2575 974 2605 quam
1000 2565 1182 2595 Sardorum.
1230 2565 1272 2595 Et
1296 2567 1339 2595 sic
1365 2566 1437 2597 9111,
1464 2566 1538 2596 (lum
1564 2566 1710 2597 domiuus

61 2610 235 2652 imperator
260 2613 291 2643 in
315 2613 370 2643 tali
396 2614 583 2645 condicione
608 2617 835 2656 permanserit,
860 2623 894 2646 ut
918 2620 1063 2657 tempore
1088 2624 1255 2657 permanet
1281 2618 1308 2647 iu
1335 2617 1498 2647 moderno.
1546 2617 1710 2648 conradus

1738 1338 1817 1359 1111.1Ξι.

61 2661 171 2694 Aurea
195 2666 357 2705 separavit
381 2665 420 2697 de
438 2666 537 2697 Ianua
562 2667 645 2697 circa.
662 2667 803 2698 medium
820 2679 963 2698 mensem
981 2668 1078 2698 Madii
1098 2679 1188 2698 causa
1210 2668 1303 2698 eundi
1329 2669 1356 2698 iu
1377 2668 1515 2699 Siciliam
1541 2669 1581 2699 ad
1606 2669 1707 2700 domi·
1725 2682 1772 2702 11111.
1790 2686 1820 2703 15».

62 2725 136 2745 num
161 2726 271 2756 regem
295 2716 509 2755 Fridericum,
541 2719 593 2759 qui
624 2730 704 2750 1111119
735 2720 826 2750 mixit
851 2719 973 2750 litteras
1000 2720 1128 2750 lantiam
1160 2720 1375 2750 confirmando
1401 2724 1602 2760 parentatum
1628 2722 1709 2752 inter

166 2818 247 2845 1292.
270 2819 293 2851 b)
313 2822 413 2845 verbum
432 2822 548 2853 ille-<sibile
567 2833 604 2847 or.
