2102 3177
510 181 660 208 SCRIPTA
684 182 803 207 VARIA.
844 182 916 207 1:312,
939 182 1012 207 1:31²..
1050 181 1186 208 >11:1224.
1210 182 1282 207 1225.
1647 184 1718 213 1251

68 270 193 300 comitis
218 268 279 299 Dei
305 269 405 309 gratia
433 276 503 300 etc..
530 270 646 309 prefati
665 269 782 299 domini
802 269 1005 309 imperatoris
1030 275 1060 298 01
1084 269 1165 298 sacri
1184 269 1309 309 imperii
1335 269 1364 298 in
1381 269 1510 299 civitate
1529 272 1561 299 et
1578 268 1722 299 districtu

72 320 243 351 Mediolani
268 321 377 350 vicarii
402 321 584 360 gener-allis,
611 332 705 361 quem
730 322 793 351 iam
820 321 964 361 precepit
989 326 1020 351 et
1044 320 1329 351 arbitramentatus
1361 320 1419 351 fuit
1450 320 1570 350 debere
1596 331 1667 350 esse
1693 324 1725 350 ct

68 373 216 403 constitui
247 373 399 402 vicarium
435 372 617 409 Ρ1110011110,
655 373 773 402 babeat
804 376 835 403 et
869 372 988 402 babere
1025 372 1145 402 debeat
1180 376 1212 402 et
1247 376 1358 403 tenere
1395 372 1544 412 expensis
1582 373 1724 402 comunis

21 452 23 454 .
67 423 233 454 Placentie
259 435 315 464 pro
340 424 583 454 conservatione
613 428 644 454 et
676 424 874 455 deffensione
905 428 1005 454 status
1037 424 1253 464 predictarum
1286 424 1423 464 partium
1456 427 1488 454 et
1517 423 1557 454 ad
1588 424 1660 463 hoe,
1690 428 1724 454 ut

36 486 46 503 5
67 477 137 517 ipsa
161 476 272 507 civitas
297 479 329 506 et
353 475 514 506 districtus
538 475 705 506 Placentie.
731 477 760 505 iu
785 476 868 506 bona
893 486 972 516 pace
997 479 1219 515 conservetur,
1248 476 1279 505 in
1303 476 1406 516 primo
1431 486 1540 506 mense
1566 477 1611 506 sui
1639 477 1722 516 regi-

24 744 48 763 10

24 1007 46 1026 15

23 1534 46 1553 25

24 1800 46 1818 30

22 2064 44 2083 ³5

24 2329 48 2346 ⁴⁰

25 2590 48 2608 45

66 528 159 558 minis
184 527 237 558 CL
263 528 387 568 equites
411 527 637 568 stipendiarios
662 532 694 557 01
718 528 839 558 ‹JXXV
866 527 991 568 pedites
1016 527 1251 568 stipendiarios,
1277 527 1329 568 qui
1354 538 1415 558 non
1441 527 1558 558 fuerint
1575 532 1630 558 aut
1646 527 1725 558 alias

67 580 214 610 steterint
238 579 279 610 ad
305 579 499 620 stipendium
523 580 666 609 comunis
690 579 855 609 Placentic
881 579 1066 610 dominante
1092 579 1236 619 predicto
1262 579 1390 610 domino
1415 579 1550 610 Alberto
1576 579 1625 609 vel
1651 590 1723 620 prc-

67 631 152 662 dicto
178 631 308 662 domino
332 630 500 662 Ubertino.
546 630 588 661 Et
612 631 761 672 elappsso
784 631 929 671 predicto
956 632 1057 672 primo
1082 641 1192 661 mense
1217 631 1355 662 habeatd
1381 634 1413 661 et
1440 631 1579 662 haberee
1606 631 1724 662 debeat

67 684 218 724 expensis
250 683 326 714 (11011
355 683 498 714 comunis
526 683 674 713 continue
700 683 723 713 O
749 684 874 723 equites
902 683 1115 723 stipendarios
1144 687 1176 713 et
1200 683 1322 713 (IXXV
1348 682 1475 723 pedites
1499 683 1722 723 stipendarios.

68 734 162 765 Salvo
193 735 217 764 si
249 735 358 776 elapso
391 734 536 776 predicto
570 745 680 765 mense
709 746 765 775 pro
797 734 1038 765 condicionibus
1069 735 1308 765 occurrentibus
1333 734 1493 765 videbitur
1523 735 1583 775 ipsi
1606 735 1724 766 vicario

68 786 221 827 expedire
258 786 379 817 habere
416 787 570 817 maiorem
609 788 821 828 quantitatem
855 787 1134 827 stipendiariorum
1172 790 1356 827 equestrum
1391 787 1476 816 ultra
1507 786 1669 827 predictos
1700 789 1724 816 (ἲ

67 838 280 878 stipendarios
304 842 481 880 equestres,
507 839 593 879 quod
617 839 717 879 possit
741 838 861 869 habere
880 849 979 879 usque
1004 838 1045 869 ad
1069 838 1245 879 predictam
1267 839 1480 879 quantitatem
1498 838 1552 869 CL
1570 840 1724 879 equitum.

66 889 108 920 Et
131 890 157 919 si
180 889 343 920 videretur
368 891 502 921 comode
527 890 594 921 fieri
620 901 724 930 posse,
751 890 835 930 quod
861 890 963 920 dictus
988 891 1123 920 vicarius
1147 890 1267 920 habeat
1291 894 1323 920 et
1347 893 1458 920 teneat
1481 900 1589 921 secum
1615 891 1724 932 elapso

66 942 168 982 primo
193 952 302 973 mense
327 943 483 973 minorem
506 943 719 983 quantitatem
745 942 889 983 equitum
914 946 946 971 et
972 941 1124 982 1101111001,
1151 952 1246 983 quam
1271 943 1332 971 sint
1356 941 1500 982 predicte
1519 943 1724 982 quantitates,

67 996 161 1033 prout
184 993 347 1024 videretur
372 995 541 1025 convenire
566 995 662 1024 statui
688 994 772 1024 dicte
797 994 944 1029 civitatisq
971 994 1069 1033 possit
1094 997 1126 1023 et
1150 993 1269 1023 debeat
1294 993 1481 1023 diminuere.

174 1056 201 1085 2.
239 1054 321 1085 Item
346 1055 492 1095 precepit
517 1060 548 1085 et
572 1056 719 1096 precipit,
745 1054 918 1085 arbitratur
942 1064 999 1084 seu
1016 1054 1297 1084 arbitramentatus
1322 1053 1381 1084 fuit
1405 1053 1618 1084 amicabiliter
1636 1064 1722 1084 com-

66 1105 230 1146 ponendo,
266 1106 351 1147 quod
385 1106 529 1147 regimen
561 1107 679 1137 vicarie
712 1106 846 1147 predicti
880 1105 998 1136 domini
1032 1105 1151 1136 Galeaz
1183 1105 1276 1136 duret
1307 1109 1339 1135 et
1370 1105 1485 1135 durare
1515 1105 1635 1135 debeat
1668 1115 1726 1146 per

66 1167 122 1188 sex
150 1168 293 1195 menses,
324 1169 364 1189 ex
393 1169 455 1199 quo
486 1159 564 1189 illud
595 1159 739 1199 regimen
769 1159 921 1188 iuraverit
951 1161 983 1188 et
1015 1157 1085 1198 plus
1116 1160 1149 1188 et
1176 1158 1278 1188 minus
1307 1157 1348 1188 ad
1373 1157 1571 1188 voluntatem
1604 1157 1723 1187 domini

65 1210 163 1240 nostri
188 1209 308 1240 domini
332 1211 544 1251 imperatoris
592 1210 633 1241 Et
657 1210 742 1251 quod
767 1209 930 1251 predictus
948 1209 1094 1240 dominus
1112 1209 1231 1240 Galeaz
1250 1209 1369 1239 habeat
1386 1209 1521 1239 liberum
1547 1213 1579 1239 01
1600 1219 1721 1239 merum

65 1261 231 1293 arbitrium
248 1262 439 1303 inquirendi,
464 1262 672 1303 procedendi,
696 1261 858 1303 puniendi„
884 1261 1055 1292 banniendi
1081 1265 1113 1292 et
1136 1261 1393 1302 condempnandi
1412 1262 1441 1291 in
1459 1261 1605 1291 omnibus
1624 1260 1723 1291 male-

66 1314 154 1353 liciis⁷
179 1325 240 1355 que
265 1314 342 1345 fient
366 1314 405 1345 de
430 1319 538 1345 cetero
563 1315 593 1344 in
618 1315 687 1355 ipsa
704 1315 833 1345 civitate
859 1314 975 1344 eteius
994 1314 1192 1354 episcopatu,
1218 1317 1250 1343 et
1267 1316 1377 1343 contra
1395 1323 1505 1343 omnes
1522 1318 1554 1343 et
1570 1312 1724 1352 singullos

66 1365 301 1405 malefactores,
328 1367 381 1407 qui
406 1366 445 1397 (10
470 1366 622 1407 predictis
645 1366 812 1397 maleficiis
836 1365 1085 1406 inculparentun
1111 1369 1143 1395 et
1167 1375 1278 1395 (1111005
1302 1368 1335 1395 01
1358 1364 1520 1405 singullos5
1546 1365 1599 1405 qui
1616 1364 1724 1405 aliqua

67 1418 210 1449 facerent
233 1419 282 1449 vel
309 1422 484 1449 tractarent
508 1422 618 1449 contra
642 1418 796 1449 honorem
826 1422 858 1449 et
885 1422 1003 1448 statum
1033 1418 1153 1448 domini
1182 1418 1384 1457 imperatoris
1413 1420 1445 1447 ct
1474 1417 1542 1447 eius
1570 1416 1722 1451 fidelium,

67 1474 98 1501 ct
122 1474 232 1501 contra
256 1481 366 1501 onmes
392 1474 423 1502 et
447 1470 614 1511 singullos„
640 1471 693 1511 qui
718 1474 848 1511 treugas
872 1470 1007 1501 indictas
1032 1480 1090 1510 per
1113 1469 1232 1499 dictum
1258 1469 1421 1499 dominum
1446 1468 1722 1509 archiepiscopum

66 1523 147 1554 iuter
172 1522 273 1553 dictas
297 1526 405 1563 partes
430 1523 604 1553 violassent
632 1522 806 1553 secundum
832 1522 940 1553 delicti
966 1522 1164 1562 qualitatem.
1212 1521 1254 1551 Et
1278 1521 1361 1551 istud
1387 1520 1562 1561 capitulum
1587 1521 1725 1561 precipit

67 1578 98 1605 et
122 1576 268 1616 precepit
292 1579 323 1605 et
346 1575 520 1606 arbitratur
543 1575 651 1605 statim
676 1575 796 1605 debere
821 1574 1006 1615 approbari⁷
1030 1574 1179 1604 ratificari
1206 1578 1238 1603 et
1262 1573 1442 1603 confirmari
1467 1583 1524 1613 per
1541 1573 1726 1603 consiliums

66 1627 217 1667 generale
242 1626 420 1657 Placentic.

173 1685 201 1714 3.
241 1683 340 1714 ltemg
365 1683 511 1723 precepit
541 1688 573 1713 et
603 1683 740 1723 precipit
764 1686 823 1712 ctc.
854 1686 888 1712 ut
912 1692 1022 1722 supra⁷
1052 1681 1135 1722 quod
1162 1681 1265 1712 dicims
1289 1680 1436 1711 dominus
1461 1680 1581 1711 Galeaz
1606 1680 1724 1710 habeat

66 1739 189 1776 septem
214 1734 351 1772 10111005,
376 1735 454 1765 110111
479 1738 616 1775 quatuor
640 1734 857 1766 collaterales.
889 1735 965 1764 item
992 1733 1057 1764 XII
1079 1733 1282 1768 domicellos,
1306 1734 1383 1763 item
1408 1732 1487 1763 XVI
1504 1743 1617 1772 equos,
1647 1732 1723 1762 item

66 1797 162 1818 unum
187 1787 361 1825 notarium,
390 1787 442 1827 qui
472 1797 583 1817 omnes
611 1787 783 1827 scripturas
812 1791 844 1816 et
874 1795 1042 1826 processus
1067 1787 1250 1825 spectantes
1275 1784 1316 1814 ad
1341 1784 1481 1814 officium
1508 1794 1599 1813 suum
1624 1784 1724 1823 possit

65 1839 214 1870 scribere.
260 1838 303 1869 Et
326 1848 388 1879 que
412 1839 568 1879 scripture
594 1838 723 1868 valeant
747 1841 779 1868 et
804 1841 944 1875 teneant,
969 1837 1032 1867 acsi
1058 1837 1176 1877 scripta
1194 1839 1301 1867 essent
1325 1846 1382 1876 per
1399 1836 1540 1866 notarios
1558 1835 1723 1865 Placentie

65 1891 105 1922 ad
129 1891 190 1922 hoc
215 1891 400 1932 specialiter
423 1890 605 1931 deputatos.

171 1950 200 1978 4.
237 1946 319 1977 Item
345 1957 402 1987 pro
426 1957 483 1977 suo
508 1946 636 1977 sallario
662 1957 719 1977 sex
744 1947 899 1977 mensium
926 1945 1049 1984 libi-(as)
1081 1944 1169 1974 mille
1199 1944 1470 1984 quinquecentum
1496 1943 1720 1983 imperialium.

65 1999 105 2029 Et
136 1999 220 2030 ultra
251 1999 336 2040 quod
368 1998 489 2029 habeat
520 2009 577 2040 pro
609 2009 666 2028 sua
696 1998 788 2039 briga
817 2001 849 2028 et
872 1997 982 2027 labore
1014 2001 1046 2027 et
1074 2007 1129 2037 pro
1159 1996 1283 2036 magnis
1312 1996 1476 2036 expensis,
1509 2005 1588 2035 quas
1620 1995 1721 2035 ipsum

66 2054 195 2092 oportet
217 2051 391 2090 sustinere,
423 2050 591 2091 plusquam
621 2051 800 2080 sustineant
823 2049 872 2079 vel
903 2049 1110 2079 sustinuerint
1137 2048 1189 2078 alii
1222 2048 1345 2086 vicarii,
1377 2047 1500 2083 libi-(as)
1530 2046 1592 2077 duo
1622 2047 1722 2077 millia

66 2103 290 2144 imperialium.
337 2102 378 2133 Et
402 2103 427 2132 si
452 2103 644 2142 contingerit
668 2113 741 2132 eum
766 2102 882 2132 morari
913 2101 942 2131 in
972 2101 1056 2131 dicto
1082 2101 1237 2141 regimine
1268 2100 1350 2130 ultra
1374 2099 1554 2140 predictum
1580 2099 1720 2129 medium

66 2166 198 2193 annum,
231 2154 317 2196 quod
349 2154 494 2196 quolibet
524 2154 632 2185 medio
666 2164 749 2184 anno
781 2153 901 2184 habeat
932 2153 1017 2193 ipsas
1046 2152 1143 2183 libras
1171 2151 1257 2182 mille
1287 2152 1557 2192 quinqueeentum
1583 2161 1639 2191 pro
1665 2161 1721 2180 suo

67 2207 193 2238 sallario
219 2209 251 2238 et
275 2206 338 2237 duo
362 2206 463 2237 millia
487 2217 543 2247 pro
568 2205 753 2246 supradicta
777 2205 869 2245 briga
894 2208 926 2235 et
949 2204 1070 2235 labore.

174 2266 202 2293 5.
240 2263 319 2293 ltem
344 2263 490 2303 precepit
513 2266 572 2293 cte.
597 2267 631 2293 ut
655 2272 761 2302 supra,
786 2261 872 2302 quod
897 2260 1059 2301 predictus
1089 2260 1235 2290 <lominus
1260 2259 1395 2289 vicarius
1419 2258 1529 2288 audiat
1554 2261 1587 2288 et
1610 2257 1721 2288 audire

67 2315 187 2346 debeat
218 2315 403 2356 questiones
434 2317 596 2344 vertentes
632 2314 714 2344 inter
745 2312 907 2353 predictas
943 2316 1050 2352 partes
1080 2312 1128 2342 vel
1161 2312 1302 2351 aliquem
1332 2310 1382 2340 vel
1417 2310 1541 2350 aliquas
1575 2309 1614 2339 de
1646 2310 1721 2349 ipsis

68 2367 209 2408 partibus
233 2366 461 2398 occaxionibus
489 2365 665 2396 infradictis
696 2365 867 2395 summarie
898 2368 930 2395 01
953 2365 1021 2394 sine
1045 2364 1179 2404 strepitu
1203 2362 1254 2393 vel
1279 2362 1380 2402 figura
1404 2361 1523 2391 iudicii.
1573 2361 1610 2391 Et
1635 2361 1719 2402 quod

67 2421 151 2460 ipsas
174 2419 359 2460 questiones
384 2418 503 2449 debeat
527 2417 664 2448 diffinire
689 2428 760 2447 cum
785 2416 916 2447 consilio
934 2415 1060 2446 illorum
1078 2415 1281 2456 sapientium.
1307 2425 1386 2455 quos
1403 2424 1499 2453 super
1518 2413 1577 2443 11115
1594 2413 1723 2443 duxerit

67 2470 242 2511 eligendos.

174 2529 202 2558 6.
238 2527 320 2557 Item
346 2526 491 2566 precepit
512 2530 546 2556 ut
570 2535 676 2566 supra5
703 2524 787 2565 quod
813 2534 923 2554 omncs
948 2523 1102 2553 carcerati
1126 2522 1199 2552 hinc
1223 2521 1296 2552 inde
1322 2532 1379 2562 per
1403 2525 1571 2561 utramque
1597 2525 1720 2561 partem

68 2579 245 2609 relasentur
269 2581 302 2609 et
325 2577 502 2609 liberentur
518 2588 537 2607 a
554 2576 746 2615 carceribus,
771 2576 802 2605 in
821 2575 935 2616 quibus
953 2574 1209 2608 detinebanturh,
1236 2578 1267 2604 01
1285 2574 1369 2614 quod
1387 2573 1427 2603 ab
1445 2573 1523 2613 ipsis
1540 2573 1722 2603 carceribus

68 2629 206 2661 debeant
229 2630 361 2660 rclasari
385 2630 452 2660 sine
470 2629 578 2670 aliquo
595 2629 791 2669 gravamine.
838 2626 1007 2667 Expensas
1025 2627 1258 2667 pecuniamque
1284 2625 1345 2655 cibi
1371 2629 1403 2655 et
1428 2628 1520 2665 potus
1537 2624 1722 2655 custodibus

68 2692 142 2713 vero
166 2682 291 2712 solvant
315 2681 354 2712 de
380 2691 491 2712 eorum
516 2680 663 2711 custodia
688 2690 745 2720 per
769 2680 997 2709 emmunitatem
1023 2679 1175 2718 partium.
1207 2677 1311 2707 silicet
1344 2677 1488 2717 quelibet
1518 2686 1591 2717 pars
1619 2676 1723 2707 solvat

172 2775 254 2802 1225·
284 2776 308 2805 d)
328 2786 394 2801 corr.
419 2785 448 2801 cm
471 2777 566 2801 habeat
589 2776 620 2800 lv'.
716 2777 738 2794 ⁰*
761 2775 872 2806 seqnitur
898 2774 969 2798 delet.
996 2773 1087 2798 debeat
1112 2773 1142 2798 lv'.
1235 2772 1254 2801 f)
1274 2772 1385 2804 sequitur
1411 2772 1482 2796 delet.
1509 2771 1664 2803 geuerallem
1690 2771 1721 2796 F.

68 2820 92 2851 Β)
112 2821 203 2846 abhinc
221 2821 311 2846 dement
330 2821 404 2852 aigyna
423 2820 533 2851 capilum
553 2819 583 2844 F.
675 2817 698 2843 ¹¹>
717 2819 892 2842 detinerautur
912 2817 943 2841 F.

170 2880 206 2898 LL.
225 2879 437 2897 CONSTiTUTloNEs
456 2879 489 2896 ιν.
1468 2865 1513 2891 161
