2102 3177
636 205 788 230 SCRIPTA
807 204 916 230 PACIS.
957 204 1029 230 1298.
1067 204 1114 230 ΧΥ.
1137 205 1210 229 1157.
1670 207 1747 235 1215

98 296 131 324 et
155 291 338 323 tractabunt
364 299 395 321 et
420 291 574 331 quidquid
600 292 836 322 commoditatis
862 300 893 322 et
917 292 1062 322 utilitatis
1088 302 1144 332 pro
1169 290 1376 321 observancia
1401 291 1488 330 pacis
1507 291 1693 331 excogitare
1718 295 1749 321 et

97 345 238 374 invenire
264 347 424 384 poterunt7
450 342 651 373 ordinabunt.

206 399 233 425 3.
271 394 364 430 Quod
389 396 413 425 si
439 405 551 435 pacem
577 405 595 424 a
620 394 862 435 quibuscunque
887 405 943 425 seu
966 406 984 424 a
1010 405 1211 435 quocunque.
1237 394 1452 434 cuiuscunque
1478 397 1578 424 status
1602 394 1652 424 vel
1677 405 1750 424 con-

96 447 230 478 dicionis
262 448 400 477 existant
428 446 477 477 vel
509 447 639 476 existat.
675 447 755 476 infra.
786 447 937 476 terminos
968 450 1154 487 prenotatos
1186 447 1217 476 in
1245 446 1388 486 personis
1412 445 1462 475 vel
1492 446 1522 475 111
1552 445 1646 475 rebus
1675 446 1751 476 inibi

65 510 76 527 5
97 498 309 530 existentibus
339 499 566 539 perquisierint
596 506 627 527 et
662 498 839 538 repererint
870 498 1035 531 violatam.
1069 499 1112 528 ita
1142 498 1228 539 quod
1261 500 1370 527 contra
1403 496 1484 527 tales
1514 496 1609 527 fuerit
1636 497 1750 526 merito

53 768 77 786 10

53 1026 77 1044 15

50 1287 76 1306 20

53 1546 78 1564 25

52 1804 77 1822 30

52 2064 76 2083 35

53 2322 78 2340 40

47 2580 78 2598 Δ45

95 550 351 592 procedendum.
386 549 461 580 dicti
497 550 584 590 pacis
621 554 811 579 tractatores
844 560 900 579 seu
932 549 1144 581 ordinatores.
1181 550 1205 580 si
1236 549 1423 579 violatorem
1456 549 1543 589 pacis
1574 549 1752 578 invenerint

95 602 247 632 iniustum
278 606 310 632 et
339 604 549 642 conpetenter
572 601 712 631 monitus
735 601 874 631 noluerit
899 611 1065 631 excessum
1092 612 1182 632 suum
1207 601 1395 631 emendare.
1424 604 1496 631 tunc
1522 602 1609 641 pacis
1633 603 1749 630 tracta-

95 656 182 684 tores
207 653 382 684 secundum
413 658 557 684 tenorem
590 653 761 683 iuramenti
789 653 835 682 sui
865 656 973 683 contra
1004 653 1107 693 ipsum
1138 653 1381 693 expedicionem
1411 652 1603 682 ordinabunt
1627 655 1659 682 et
1682 653 1750 682 uni-

95 705 210 745 cuique
236 704 437 735 dominorum
461 715 498 735 ac
523 705 686 735 civitatum
708 714 876 734 numerum
898 706 1128 744 armigerorum
1151 706 1303 745 inponent
1320 705 1409 734 iuxta
1425 704 1594 734 cuiuslibet
1611 704 1751 744 ipsorum

96 757 190 795 11105,
214 757 292 787 situs
310 760 342 787 et
357 756 536 787 facultates.
576 756 679 791 Quam
702 755 947 796 expedicionem
965 756 1056 786 nobis
1072 756 1313 797 archiepiscopo
1332 755 1526 795 Coloniensi,
1543 757 1568 786 si
1585 759 1751 796 presentes

95 807 259 844 fuerimus,
285 808 426 849 alioquin
450 807 607 839 marsalco
633 815 740 838 nostro
758 807 963 848 XVestphalie
987 808 1180 838 intimabunt
1203 808 1261 838 sub
1286 809 1349 838 suis
1373 807 1557 849 patentibus
1581 808 1695 838 litteris
1720 811 1752 837 et

95 859 200 900 sigillo
226 860 401 892 communi.
432 871 494 900 quo
519 860 549 890 in
574 859 757 890 huiusmodi
781 860 874 890 factis
898 861 1110 890 communiter
1133 865 1274 900 utentur,
1300 864 1331 890 ct
1356 860 1504 890 iurabuut
1528 860 1619 890 tactis
1643 860 1751 896 sacris„

97 911 182 952 quod
205 922 264 942 nec
286 922 382 952 prece
408 922 467 942 1100
491 913 599 952 precio
625 922 682 942 1100
707 911 780 942 odio
805 922 864 942 1100
886 912 999 942 11111010
1017 912 1112 942 11110111
1130 917 1262 952 parcent
1286 913 1315 942 in
1340 913 1511 952 premissis.
1537 912 1750 952 cuiuscunque

96 967 197 994 status
226 963 277 994 vel
308 963 499 994 conditionis
528 964 653 994 existat.
745 963 815 998 Qua
844 964 1049 993 intimat-ione
1082 964 1125 994 sic
1158 964 1242 994 facta
1272 975 1328 994 nos
1357 964 1630 1004 archiepiscopus,
1664 964 1689 993 si
1721 964 1750 993 in

96 1016 239 1046 terminis
263 1015 427 1053 fuerimus,
453 1015 593 1056 alioquin
617 1016 810 1046 marscalcus
834 1018 944 1045 noster
959 1015 1091 1045 ulterius
1117 1015 1261 1045 dominos
1287 1019 1318 1045 et
1342 1016 1487 1046 civitates
1505 1015 1751 1046 convocabimus

95 1069 129 1098 et
160 1067 350 1098 convocabit
381 1070 492 1098 contra
522 1068 610 1108 pacis
638 1067 828 1098 violatorem
853 1078 1068 1108 processuros.
1117 1068 1176 1102 Qui
1209 1078 1319 1098 omnes
1349 1068 1430 1098 infra
1464 1068 1633 1098 terminum
1664 1077 1751 1097 com-

94 1122 259 1159 petentem
297 1130 394 1160 super
424 1119 484 1149 hoc
513 1119 554 1149 ab
582 1120 659 1160 ipsis
688 1120 776 1160 pacis
812 1118 1049 1149 ordinatoribus
1085 1119 1317 1150 moderandum
1352 1122 1501 1159 potenter
1531 1127 1562 1149 et
1593 1123 1750 1159 patenter,

95 1174 190 1211 prout
218 1173 319 1201 status
352 1172 478 1212 negocii
507 1177 538 1201 01
570 1171 707 1212 qualitas
740 1181 950 1212 personarum
983 1181 1097 1211 pacem
1129 1171 1320 1201 violaucium
1353 1171 1570 1211 requisierint.
1602 1171 1751 1210 expensis

94 1223 232 1263 propriis
256 1223 470 1263 procedemus
499 1233 558 1254 1100
587 1223 779 1254 desistemus
811 1233 829 1253 a
862 1223 1089 1263 110150011010110
1126 1233 1239 1263 pacem
1270 1222 1475 1252 violancium.
1508 1223 1565 1252 nisi
1595 1222 1752 1263 condigna

96 1274 231 1314 prestita
254 1274 352 1305 fuerit
376 1274 513 1305 emenda
538 1278 570 1305 et
594 1285 658 1315 pax
683 1275 827 1305 extiterit
850 1274 1033 1305 reformata.

202 1328 231 1356 4.
268 1325 300 1356 Si
329 1329 435 1357 autem
466 1327 553 1367 pacis
581 1325 717 1356 violator
745 1327 885 1356 monitus
914 1326 1062 1356 iniuriam
1096 1336 1185 1356 suam
1218 1336 1368 1355 revocare
1402 1329 1433 1356 et
1463 1336 1630 1356 excessum
1660 1336 1749 1355 suum

97 1376 270 1408 emendare
296 1377 446 1415 voluerit.
479 1377 614 1419 predicti
639 1379 727 1418 pacis
752 1378 953 1408 ordinatores
976 1381 1172 1418 potestatem
1197 1377 1362 1408 habebunt
1385 1379 1487 1418 ipsum
1513 1377 1687 1419 recipiendi
1710 1377 1752 1408 ad

97 1428 267 1460 emendam
294 1434 326 1460 et
351 1430 519 1460 emendam
543 1440 693 1460 excessus
710 1429 908 1461 moderandi.
950 1430 1021 1465 Qua
1045 1429 1183 1460 emenda
1207 1430 1340 1470 prestita
1365 1429 1516 1470 deinceps
1534 1440 1628 1470 super
1644 1429 1751 1460 huius-

96 1480 182 1511 modi
209 1492 345 1512 excessu
369 1492 388 1512 a
413 1482 498 1512 nullo
524 1481 657 1512 debebit
681 1483 772 1523 argui
796 1482 846 1512 vel
871 1481 1002 1523 culpari.

205 1536 233 1563 5.
270 1533 406 1574 Insuper
430 1538 478 1564 est
502 1533 684 1564 condictum
709 1534 792 1564 inter
815 1545 882 1570 nos.
908 1534 993 1574 quod
1018 1535 1043 1564 si
1067 1535 1182 1575 aliquis
1199 1544 1312 1575 pacem
1330 1533 1497 1563 violaverit
1521 1536 1552 1563 et
1576 1533 1615 1563 ob
1640 1533 1699 1563 hoc
1722 1534 1751 1563 in

96 1585 272 1623 territorio.
301 1586 332 1615 in
362 1596 424 1626 (1110
455 1585 589 1626 deliquit
613 1585 664 1616 vel
689 1585 729 1616 ad
756 1586 840 1626 quod
866 1586 1002 1627 spolium
1032 1586 1217 1619 deduxerit.
1247 1586 1441 1627 proscriptus
1466 1585 1573 1623 fuerit,
1605 1585 1658 1615 ille
1683 1585 1752 1626 qui-

98 1646 224 1677 cunque
250 1636 346 1667 fuerit
370 1637 410 1668 ab
435 1637 582 1668 omnibus
606 1642 714 1668 sancte
738 1639 825 1679 pacis
843 1638 1121 1669 ‹.·011servat01·ibus
1147 1642 1178 1669 et
1201 1639 1231 1668 in
1257 1637 1403 1668 omnibus
1426 1638 1515 1673 locis,
1539 1637 1579 1667 ad
1604 1648 1664 1678 que
1689 1648 1751 1677 pax

95 1687 198 1718 iurata
230 1699 262 1719 se
293 1689 455 1728 extendit.
489 1699 546 1730 pro
576 1690 753 1730 proscripto
787 1689 960 1720 habebitur
989 1694 1021 1720 et
1050 1690 1089 1720 de
1123 1691 1191 1731 ipso
1221 1691 1251 1720 in
1281 1689 1427 1720 omuibus
1456 1690 1533 1720 locis
1562 1688 1753 1719 iudicabitur

96 1742 259 1780 tamquam
285 1739 325 1770 de
350 1741 538 1781 proscripto,
563 1741 627 1771 acsi
652 1741 771 1771 ibidem
797 1741 992 1782 deliquisset.

204 1794 232 1822 6.
267 1791 439 1823 Adiectum
455 1796 504 1823 est
521 1793 629 1832 etiam,
647 1792 733 1833 quod
750 1793 774 1822 si
792 1793 917 1833 aliquos
934 1793 985 1823 vel
1002 1793 1142 1833 aliquem
1161 1793 1200 1823 de
1218 1793 1369 1834 predictis
1387 1793 1530 1833 personis
1548 1796 1579 1822 et
1596 1791 1752 1822 adiunctis

97 1846 129 1873 et
152 1845 335 1885 assumptis,
361 1844 573 1886 adiungendis
594 1845 644 1875 vel
669 1844 868 1875 assumendis
886 1845 975 1884 mori,
1000 1845 1114 1875 abesse
1141 1845 1189 1875 vel
1215 1845 1358 1885 legitime
1376 1844 1524 1885 impediri
1542 1844 1591 1874 vel
1609 1844 1752 1874 revocari

96 1895 275 1936 contigerit.
300 1895 346 1926 illi
371 1897 424 1937 qui
450 1897 536 1937 ipsos
560 1896 611 1926 vel
634 1897 737 1937 ipsum
760 1896 963 1927 instituerant
988 1901 1020 1927 et
1044 1896 1266 1934 adiunxerant,
1291 1896 1387 1926 alium
1413 1896 1463 1926 vel
1487 1895 1567 1925 alios
1590 1896 1620 1925 in
1647 1895 1751 1925 locum

96 1946 222 1977 illorum
247 1947 297 1977 vel
322 1947 406 1978 illius
430 1952 581 1988 poterunt
606 1952 638 1978 et
662 1947 825 1978 debebunt
852 1947 1043 1989 subrogare.
1076 1949 1128 1989 qui
1158 1947 1354 1978 consimilem
1384 1947 1526 1978 habeant
1554 1947 1604 1977 vel
1632 1946 1752 1977 habeat

96 2001 302 2038 potestatem.

207 2052 234 2080 7.
271 2050 304 2080 Si
328 2061 404 2081 vero
430 2051 566 2092 predicti
590 2052 678 2092 pacis
703 2050 902 2081 ordinatores
927 2061 983 2081 seu
1008 2059 1250 2082 conservatores
1267 2061 1377 2081 omnes
1395 2050 1564 2081 duodecim
1582 2050 1750 2080 convenire

94 2102 297 2142 nequiverint
320 2102 360 2132 ad
379 2113 452 2133 suos
470 2106 623 2133 tractatus
640 2107 673 2134 et
688 2103 824 2144 negocia
841 2103 1076 2144 prosequenda7
1101 2106 1149 2133 set
1167 2104 1330 2143 contingat
1347 2113 1441 2132 unum
1460 2102 1511 2132 vel
1531 2102 1609 2132 duos
1625 2101 1749 2132 abesse.

95 2153 250 2194 quidquid
268 2155 367 2184 ceteri
385 2154 618 2185 ordinandumb
637 2154 846 2192 decreverint,
870 2154 929 2185 hoc
948 2165 1131 2195 processum
1150 2154 1291 2185 habebit..
1309 2155 1374 2184 acsi
1392 2164 1502 2184 omnes
1520 2154 1749 2184 convenissent.

204 2207 231 2237 8.
268 2205 362 2236 Dicte
388 2206 485 2236 etiam
514 2217 650 2247 persone
682 2206 725 2236 sic
754 2209 917 2247 assumpte
945 2206 1047 2236 semel
1077 2206 1118 2236 ad
1147 2206 1249 2236 miuus
1279 2206 1469 2236 convenient
1492 2206 1573 2235 infra
1596 2215 1749 2238 mensem.

95 2257 155 2288 nisi
178 2257 260 2288 forte
286 2258 462 2288 necessitas
487 2262 519 2288 et
543 2259 630 2300 pacis
655 2258 800 2288 turbat-io
825 2258 865 2288 ad
891 2258 1145 2288 conveniendum
1170 2259 1276 2299 sepius
1301 2258 1455 2298 astringat
1480 2256 1620 2287 eosdem.

205 2310 233 2339 9.
270 2308 363 2344 Quod
389 2310 413 2339 si
439 2310 537 2351 aliqui
567 2310 742 2351 principes.
774 2310 922 2347 comites.
953 2309 1076 2340 nobiles
1101 2309 1150 2339 vel
1180 2310 1340 2349 civitates,
1370 2308 1409 2339 de
1434 2309 1548 2350 quibus
1572 2308 1750 2339 verisimilis

96 2360 136 2390 sit
158 2362 372 2402 presumpcioq
398 2361 484 2402 quod
508 2363 570 2392 sint
593 2363 650 2392 viri
675 2362 799 2402 pacifici
824 2365 855 2392 et
878 2361 952 2392 boni
984 2362 1071 2403 pacis
1103 2361 1311 2392 emulatores.
1344 2359 1524 2391 huiusmodi
1555 2360 1750 2390 ordinacioni

95 2411 213 2443 includi
241 2413 427 2453 petiverint.
460 2413 540 2444 tales
570 2415 600 2444 in
630 2417 772 2444 nostrum
806 2414 1002 2443 consorcium
1034 2413 1072 2444 de
1103 2413 1243 2443 unanimi
1275 2423 1405 2442 assensu
1437 2413 1577 2442 omnium
1607 2414 1749 2442 nostrum

96 2465 215 2495 assumi
237 2468 389 2506 poterunt
415 2468 447 2495 et
470 2465 605 2496 admitti.
657 2465 760 2506 Super
784 2466 890 2496 onmia
914 2469 1041 2496 10111011ο
1071 2464 1268 2505 quibuslibet
1293 2464 1428 2494 dominis
1459 2468 1491 2494 et
1515 2463 1695 2493 civitatibus
1720 2464 1750 2493 in

96 2515 363 2547 confederacione
388 2517 476 2557 pacis
500 2518 602 2548 iurate
626 2516 855 2548 adherentibus
879 2517 910 2546 in
934 2518 981 2546 sui
1006 2517 1081 2546 iuris
1105 2517 1215 2557 vigore
1240 2515 1464 2556 permansuris.

202 2568 240 2598 In
269 2567 382 2598 horum
415 2569 631 2599 testimoninm
668 2575 699 2599 et
734 2568 917 2598 firmitatem
955 2568 1137 2598 evidentem
1173 2570 1339 2608 presentes
1374 2567 1497 2597 litteras
1533 2565 1751 2597 roboravimus

96 2619 270 2660 sigillorum
298 2623 481 2651 nostrorum
505 2621 712 2661 appensione.

203 2671 319 2701 Actum
361 2674 394 2701 et
433 2670 543 2702 datum
582 2672 612 2701 in
653 2671 735 2702 festo
774 2671 948 2701 nativitatis
988 2670 1072 2700 beati
1116 2669 1262 2700 lobannis
1301 2669 1458 2710 baptisto.
1502 2679 1583 2699 anno
1621 2668 1751 2699 Domini

95 2721 265 2753 millesimo
293 2721 513 2753 ducentesimo
539 2724 746 2764 nonagesimo
772 2727 896 2753 octavo.

197 2789 279 2819 1167.
305 2790 330 2822 b)
349 2792 462 2824 sequitur
480 2793 532 2817 dux
553 2793 625 2817 delet.
645 2801 681 2817 or.
772 2796 793 2817 ⁰)
814 2796 875 2816 taun
895 2799 933 2816 or.
