<?xml version="1.0" encoding="UTF-8"?>
<!DOCTYPE html PUBLIC "-//W3C//DTD XHTML 1.0 Transitional//EN"
    "http://www.w3.org/TR/xhtml1/DTD/xhtml1-transitional.dtd">
<html xmlns="http://www.w3.org/1999/xhtml" xml:lang="en" lang="en">
 <head>
  <title>
</title>
<meta http-equiv="Content-Type" content="text/html;charset=utf-8" />
  <meta name='ocr-system' content='tesseract 3.04.00' />
  <meta name='ocr-capabilities' content='ocr_page ocr_carea ocr_par ocr_line ocrx_word'/>
</head>
<body>
  <div class='ocr_page' id='page_1' title='image "./monumentagermani0402geseuoft_0678.png"; bbox 0 0 2101 3182; ppageno 0'>
   <div class='ocr_carea' id='block_1_1' title="bbox 333 196 1284 229">
    <p class='ocr_par' dir='ltr' id='par_1_1' title="bbox 333 196 1284 229">
     <span class='ocr_line' id='line_1_1' title="bbox 333 196 1284 229; baseline -0.006 -1"><span class='ocrx_word' id='word_1_1' title='bbox 333 203 408 229; x_wconf 61' lang='lat' dir='ltr'>13:5‚m</span> <span class='ocrx_word' id='word_1_2' title='bbox 1019 196 1202 222; x_wconf 71' lang='lat' dir='ltr'>APPENDIX</span> <span class='ocrx_word' id='word_1_3' title='bbox 1225 196 1284 222; x_wconf 71' lang='lat' dir='ltr'>VII.</span> 
     </span>
    </p>
   </div>
   <div class='ocr_carea' id='block_1_2' title="bbox 318 282 1978 376">
    <p class='ocr_par' dir='ltr' id='par_1_2' title="bbox 318 282 1978 376">
     <span class='ocr_line' id='line_1_2' title="bbox 318 282 1978 324; baseline 0 -9"><span class='ocrx_word' id='word_1_4' title='bbox 318 298 411 315; x_wconf 75' lang='lat' dir='ltr'>eausa</span> <span class='ocrx_word' id='word_1_5' title='bbox 445 294 475 315; x_wconf 82' lang='lat' dir='ltr'>er</span> <span class='ocrx_word' id='word_1_6' title='bbox 507 285 674 314; x_wconf 72' lang='lat' dir='ltr'>oeensione</span> <span class='ocrx_word' id='word_1_7' title='bbox 707 283 854 313; x_wconf 80' lang='lat' dir='ltr'>domiuus</span> <span class='ocrx_word' id='word_1_8' title='bbox 887 294 969 323; x_wconf 82' lang='lat' dir='ltr'>papa</span> <span class='ocrx_word' id='word_1_9' title='bbox 1002 283 1030 313; x_wconf 87' lang='lat' dir='ltr'>ei</span> <span class='ocrx_word' id='word_1_10' title='bbox 1063 282 1229 323; x_wconf 85' lang='lat' dir='ltr'>precipere</span> <span class='ocrx_word' id='word_1_11' title='bbox 1261 284 1379 323; x_wconf 73' lang='lat' dir='ltr'>potuit,</span> <span class='ocrx_word' id='word_1_12' title='bbox 1409 283 1494 324; x_wconf 87' lang='lat' dir='ltr'>quod</span> <span class='ocrx_word' id='word_1_13' title='bbox 1525 283 1566 314; x_wconf 87' lang='lat' dir='ltr'>ad</span> <span class='ocrx_word' id='word_1_14' title='bbox 1592 283 1712 315; x_wconf 71' lang='lat' dir='ltr'>Urbem</span> <span class='ocrx_word' id='word_1_15' title='bbox 1737 285 1787 315; x_wconf 79' lang='lat' dir='ltr'>vel</span> <span class='ocrx_word' id='word_1_16' title='bbox 1811 285 1851 316; x_wconf 83' lang='lat' dir='ltr'>ad</span> <span class='ocrx_word' id='word_1_17' title='bbox 1876 290 1978 317; x_wconf 83' lang='lat' dir='ltr'>terras</span> 
     </span>
     <span class='ocr_line' id='line_1_3' title="bbox 318 334 1387 376; baseline -0.002 -9"><span class='ocrx_word' id='word_1_18' title='bbox 318 338 453 367; x_wconf 61' lang='lat' dir='ltr'>ecelesie</span> <span class='ocrx_word' id='word_1_19' title='bbox 480 346 642 376; x_wconf 83' lang='lat' dir='ltr'>nunquam</span> <span class='ocrx_word' id='word_1_20' title='bbox 670 338 883 365; x_wconf 82' lang='lat' dir='ltr'>reverteretur</span> <span class='ocrx_word' id='word_1_21' title='bbox 907 335 974 364; x_wconf 84' lang='lat' dir='ltr'>sine</span> <span class='ocrx_word' id='word_1_22' title='bbox 1000 335 1068 364; x_wconf 84' lang='lat' dir='ltr'>eius</span> <span class='ocrx_word' id='word_1_23' title='bbox 1092 334 1221 364; x_wconf 84' lang='lat' dir='ltr'>lieentia</span> <span class='ocrx_word' id='word_1_24' title='bbox 1245 335 1387 375; x_wconf 83' lang='lat' dir='ltr'>speciali.</span> 
     </span>
    </p>
   </div>
   <div class='ocr_carea' id='block_1_3' title="bbox 1119 445 1177 485">
    <p class='ocr_par' dir='ltr' id='par_1_3' title="bbox 1119 445 1177 485">
     <span class='ocr_line' id='line_1_4' title="bbox 1119 445 1177 485; baseline 0.034 -2"><span class='ocrx_word' id='word_1_25' title='bbox 1119 445 1177 485; x_wconf 64' lang='lat' dir='ltr'>(V)</span> 
     </span>
    </p>
   </div>
   <div class='ocr_carea' id='block_1_4' title="bbox 424 515 1975 558">
    <p class='ocr_par' dir='ltr' id='par_1_4' title="bbox 424 515 1975 558">
     <span class='ocr_line' id='line_1_5' title="bbox 424 515 1975 558; baseline 0.001 -11"><span class='ocrx_word' id='word_1_26' title='bbox 424 516 447 547; x_wconf 74' lang='lat'>(¹</span> <span class='ocrx_word' id='word_1_27' title='bbox 472 518 588 551; x_wconf 79' lang='lat' dir='ltr'>Quinta</span> <span class='ocrx_word' id='word_1_28' title='bbox 615 517 738 556; x_wconf 73' lang='lat' dir='ltr'>questio</span> <span class='ocrx_word' id='word_1_29' title='bbox 765 519 822 547; x_wconf 58' lang='lat' dir='ltr'>est..</span> <span class='ocrx_word' id='word_1_30' title='bbox 847 516 1012 555; x_wconf 86' lang='lat' dir='ltr'>supposito</span> <span class='ocrx_word' id='word_1_31' title='bbox 1038 515 1123 555; x_wconf 85' lang='lat' dir='ltr'>quod</span> <span class='ocrx_word' id='word_1_32' title='bbox 1142 516 1316 556; x_wconf 88' lang='lat' dir='ltr'>imperator</span> <span class='ocrx_word' id='word_1_33' title='bbox 1340 516 1566 555; x_wconf 79' lang='lat' dir='ltr'>significaverit</span> <span class='ocrx_word' id='word_1_34' title='bbox 1591 516 1719 547; x_wconf 92' lang='lat' dir='ltr'>domino</span> <span class='ocrx_word' id='word_1_35' title='bbox 1738 527 1822 558; x_wconf 87' lang='lat' dir='ltr'>pape</span> <span class='ocrx_word' id='word_1_36' title='bbox 1847 521 1879 549; x_wconf 91' lang='lat' dir='ltr'>et</span> <span class='ocrx_word' id='word_1_37' title='bbox 1904 528 1975 549; x_wconf 88' lang='lat' dir='ltr'>eum</span> 
     </span>
    </p>
   </div>
   <div class='ocr_carea' id='block_1_5' title="bbox 317 567 2018 609">
    <p class='ocr_par' dir='ltr' id='par_1_5' title="bbox 317 567 2018 609">
     <span class='ocr_line' id='line_1_6' title="bbox 317 567 2018 609; baseline 0.001 -10"><span class='ocrx_word' id='word_1_38' title='bbox 317 569 528 609; x_wconf 63' lang='lat' dir='ltr'>requisiverit.</span> <span class='ocrx_word' id='word_1_39' title='bbox 548 574 579 598; x_wconf 93' lang='lat' dir='ltr'>ut</span> <span class='ocrx_word' id='word_1_40' title='bbox 600 579 655 608; x_wconf 87' lang='lat' dir='ltr'>per</span> <span class='ocrx_word' id='word_1_41' title='bbox 672 579 771 608; x_wconf 81' lang='lat' dir='ltr'>penas</span> <span class='ocrx_word' id='word_1_42' title='bbox 788 578 842 597; x_wconf 81' lang='lat' dir='ltr'>seu</span> <span class='ocrx_word' id='word_1_43' title='bbox 862 578 919 607; x_wconf 88' lang='lat' dir='ltr'>per</span> <span class='ocrx_word' id='word_1_44' title='bbox 935 567 1127 598; x_wconf 81' lang='lat' dir='ltr'>sententiam</span> <span class='ocrx_word' id='word_1_45' title='bbox 1146 568 1452 598; x_wconf 76' lang='lat' dir='ltr'>exeomunieationis</span> <span class='ocrx_word' id='word_1_46' title='bbox 1474 572 1681 608; x_wconf 83' lang='lat' dir='ltr'>conpesceret</span> <span class='ocrx_word' id='word_1_47' title='bbox 1698 569 1819 599; x_wconf 85' lang='lat' dir='ltr'>Tuscos</span> <span class='ocrx_word' id='word_1_48' title='bbox 1835 580 1853 600; x_wconf 91' lang='lat' dir='ltr'>a</span> <span class='ocrx_word' id='word_1_49' title='bbox 1871 569 1976 600; x_wconf 80' lang='lat' dir='ltr'>rebel-</span> <span class='ocrx_word' id='word_1_50' title='bbox 2007 583 2018 600; x_wconf 75' lang='lat'>‚¹-</span> 
     </span>
    </p>
   </div>
   <div class='ocr_carea' id='block_1_6' title="bbox 312 619 1978 2630">
    <p class='ocr_par' dir='ltr' id='par_1_6' title="bbox 312 619 1978 2630">
     <span class='ocr_line' id='line_1_7' title="bbox 316 619 1978 662; baseline 0.001 -11"><span class='ocrx_word' id='word_1_51' title='bbox 316 622 399 651; x_wconf 86' lang='lat' dir='ltr'>lione</span> <span class='ocrx_word' id='word_1_52' title='bbox 417 631 512 662; x_wconf 80' lang='lat' dir='ltr'>quam</span> <span class='ocrx_word' id='word_1_53' title='bbox 533 620 694 651; x_wconf 81' lang='lat' dir='ltr'>t‘aeiebaut</span> <span class='ocrx_word' id='word_1_54' title='bbox 711 623 820 649; x_wconf 85' lang='lat' dir='ltr'>eontra</span> <span class='ocrx_word' id='word_1_55' title='bbox 838 619 1077 659; x_wconf 78' lang='lat' dir='ltr'>imperatorem,</span> <span class='ocrx_word' id='word_1_56' title='bbox 1095 619 1169 659; x_wconf 86' lang='lat' dir='ltr'>quia</span> <span class='ocrx_word' id='word_1_57' title='bbox 1187 619 1333 649; x_wconf 86' lang='lat' dir='ltr'>dominus</span> <span class='ocrx_word' id='word_1_58' title='bbox 1351 630 1434 660; x_wconf 83' lang='lat' dir='ltr'>papa</span> <span class='ocrx_word' id='word_1_59' title='bbox 1451 619 1511 650; x_wconf 86' lang='lat' dir='ltr'>hoe</span> <span class='ocrx_word' id='word_1_60' title='bbox 1527 631 1588 650; x_wconf 90' lang='lat' dir='ltr'>non</span> <span class='ocrx_word' id='word_1_61' title='bbox 1608 620 1693 661; x_wconf 83' lang='lat' dir='ltr'>fecit,</span> <span class='ocrx_word' id='word_1_62' title='bbox 1715 622 1784 662; x_wconf 86' lang='lat' dir='ltr'>ipse</span> <span class='ocrx_word' id='word_1_63' title='bbox 1801 621 1978 662; x_wconf 81' lang='lat' dir='ltr'>imperator</span> 
     </span>
     <span class='ocr_line' id='line_1_8' title="bbox 316 670 1976 713; baseline 0.002 -12"><span class='ocrx_word' id='word_1_64' title='bbox 316 680 423 713; x_wconf 79' lang='lat' dir='ltr'>posset</span> <span class='ocrx_word' id='word_1_65' title='bbox 448 684 481 701; x_wconf 86' lang='lat' dir='ltr'>se</span> <span class='ocrx_word' id='word_1_66' title='bbox 508 678 657 712; x_wconf 77' lang='lat' dir='ltr'>reputare</span> <span class='ocrx_word' id='word_1_67' title='bbox 682 674 859 711; x_wconf 69' lang='lat' dir='ltr'>gravatum.</span> <span class='ocrx_word' id='word_1_68' title='bbox 902 670 949 700; x_wconf 62' lang='lat' dir='ltr'>Ad</span> <span class='ocrx_word' id='word_1_69' title='bbox 976 671 1067 700; x_wconf 78' lang='lat' dir='ltr'>istam</span> <span class='ocrx_word' id='word_1_70' title='bbox 1093 671 1293 711; x_wconf 69' lang='lat' dir='ltr'>questionem</span> <span class='ocrx_word' id='word_1_71' title='bbox 1319 671 1500 711; x_wconf 76' lang='lat' dir='ltr'>respondeo</span> <span class='ocrx_word' id='word_1_72' title='bbox 1518 671 1604 712; x_wconf 88' lang='lat' dir='ltr'>quod</span> <span class='ocrx_word' id='word_1_73' title='bbox 1628 672 1767 703; x_wconf 81' lang='lat' dir='ltr'>fidelitas</span> <span class='ocrx_word' id='word_1_74' title='bbox 1785 673 1913 704; x_wconf 76' lang='lat' dir='ltr'>vassalli</span> <span class='ocrx_word' id='word_1_75' title='bbox 1935 673 1976 704; x_wconf 92' lang='lat' dir='ltr'>ad</span> 
     </span>
     <span class='ocr_line' id='line_1_9' title="bbox 315 721 1976 766; baseline 0.001 -12"><span class='ocrx_word' id='word_1_76' title='bbox 315 735 405 754; x_wconf 76' lang='lat' dir='ltr'>suum</span> <span class='ocrx_word' id='word_1_77' title='bbox 426 724 588 754; x_wconf 89' lang='lat' dir='ltr'>dominum</span> <span class='ocrx_word' id='word_1_78' title='bbox 609 723 657 753; x_wconf 86' lang='lat' dir='ltr'>vel</span> <span class='ocrx_word' id='word_1_79' title='bbox 677 722 835 752; x_wconf 71' lang='lat' dir='ltr'>Inferioris</span> <span class='ocrx_word' id='word_1_80' title='bbox 852 733 908 752; x_wconf 79' lang='lat' dir='ltr'>seu</span> <span class='ocrx_word' id='word_1_81' title='bbox 926 722 1045 752; x_wconf 86' lang='lat' dir='ltr'>subditi</span> <span class='ocrx_word' id='word_1_82' title='bbox 1063 721 1104 752; x_wconf 87' lang='lat' dir='ltr'>ad</span> <span class='ocrx_word' id='word_1_83' title='bbox 1122 723 1319 763; x_wconf 81' lang='lat' dir='ltr'>superiorem</span> <span class='ocrx_word' id='word_1_84' title='bbox 1337 733 1439 755; x_wconf 73' lang='lat' dir='ltr'>suum,</span> <span class='ocrx_word' id='word_1_85' title='bbox 1465 724 1568 763; x_wconf 85' lang='lat' dir='ltr'>qualis</span> <span class='ocrx_word' id='word_1_86' title='bbox 1585 728 1633 754; x_wconf 83' lang='lat' dir='ltr'>est</span> <span class='ocrx_word' id='word_1_87' title='bbox 1650 725 1731 755; x_wconf 89' lang='lat' dir='ltr'>inter</span> <span class='ocrx_word' id='word_1_88' title='bbox 1747 725 1976 766; x_wconf 83' lang='lat' dir='ltr'>imperatorem</span> 
     </span>
     <span class='ocr_line' id='line_1_10' title="bbox 316 774 1977 815; baseline 0.001 -10"><span class='ocrx_word' id='word_1_89' title='bbox 316 784 347 806; x_wconf 85' lang='lat' dir='ltr'>et</span> <span class='ocrx_word' id='word_1_90' title='bbox 365 776 480 806; x_wconf 77' lang='lat' dir='ltr'>t&#39;liristi</span> <span class='ocrx_word' id='word_1_91' title='bbox 500 775 663 805; x_wconf 63' lang='lat' dir='ltr'>vicarium.</span> <span class='ocrx_word' id='word_1_92' title='bbox 687 778 719 805; x_wconf 91' lang='lat' dir='ltr'>ut</span> <span class='ocrx_word' id='word_1_93' title='bbox 736 774 882 814; x_wconf 87' lang='lat' dir='ltr'>superius</span> <span class='ocrx_word' id='word_1_94' title='bbox 900 777 947 804; x_wconf 83' lang='lat' dir='ltr'>est</span> <span class='ocrx_word' id='word_1_95' title='bbox 965 777 1138 806; x_wconf 83' lang='lat' dir='ltr'>ostensum.</span> <span class='ocrx_word' id='word_1_96' title='bbox 1158 778 1206 804; x_wconf 75' lang='lat' dir='ltr'>est</span> <span class='ocrx_word' id='word_1_97' title='bbox 1223 774 1336 804; x_wconf 84' lang='lat' dir='ltr'>relatio</span> <span class='ocrx_word' id='word_1_98' title='bbox 1354 774 1504 815; x_wconf 66' lang='lat' dir='ltr'>quedam,</span> <span class='ocrx_word' id='word_1_99' title='bbox 1529 775 1611 806; x_wconf 83' lang='lat' dir='ltr'>sieut</span> <span class='ocrx_word' id='word_1_100' title='bbox 1632 777 1715 807; x_wconf 85' lang='lat' dir='ltr'>enim</span> <span class='ocrx_word' id='word_1_101' title='bbox 1734 776 1796 807; x_wconf 90' lang='lat' dir='ltr'>duo</span> <span class='ocrx_word' id='word_1_102' title='bbox 1813 776 1888 807; x_wconf 86' lang='lat' dir='ltr'>alba</span> <span class='ocrx_word' id='word_1_103' title='bbox 1904 782 1977 808; x_wconf 78' lang='lat' dir='ltr'>sunt</span> 
     </span>
     <span class='ocr_line' id='line_1_11' title="bbox 314 825 1974 868; baseline 0.002 -12"><span class='ocrx_word' id='word_1_104' title='bbox 314 828 373 857; x_wconf 63' lang='lat' dir='ltr'>silvi</span> <span class='ocrx_word' id='word_1_105' title='bbox 388 828 512 859; x_wconf 79' lang='lat' dir='ltr'>similia,</span> <span class='ocrx_word' id='word_1_106' title='bbox 529 832 558 857; x_wconf 87' lang='lat' dir='ltr'>et</span> <span class='ocrx_word' id='word_1_107' title='bbox 574 827 665 857; x_wconf 82' lang='lat' dir='ltr'>liuius</span> <span class='ocrx_word' id='word_1_108' title='bbox 680 827 842 857; x_wconf 86' lang='lat' dir='ltr'>relationis</span> <span class='ocrx_word' id='word_1_109' title='bbox 856 837 918 867; x_wconf 89' lang='lat' dir='ltr'>que</span> <span class='ocrx_word' id='word_1_110' title='bbox 932 827 1125 866; x_wconf 77' lang='lat' dir='ltr'>importatur</span> <span class='ocrx_word' id='word_1_111' title='bbox 1138 827 1265 856; x_wconf 87' lang='lat' dir='ltr'>nomine</span> <span class='ocrx_word' id='word_1_112' title='bbox 1279 825 1494 856; x_wconf 85' lang='lat' dir='ltr'>similitudinis</span> <span class='ocrx_word' id='word_1_113' title='bbox 1508 827 1751 858; x_wconf 87' lang='lat' dir='ltr'>fundamentum</span> <span class='ocrx_word' id='word_1_114' title='bbox 1765 832 1832 859; x_wconf 77' lang='lat' dir='ltr'>estx</span> <span class='ocrx_word' id='word_1_115' title='bbox 1846 828 1974 868; x_wconf 74' lang='lat' dir='ltr'>albedo,</span> 
     </span>
     <span class='ocr_line' id='line_1_12' title="bbox 315 877 1976 919; baseline 0.002 -10"><span class='ocrx_word' id='word_1_116' title='bbox 315 890 353 909; x_wconf 57' lang='lat' dir='ltr'>ex</span> <span class='ocrx_word' id='word_1_117' title='bbox 380 890 441 919; x_wconf 88' lang='lat' dir='ltr'>qua</span> <span class='ocrx_word' id='word_1_118' title='bbox 467 880 566 909; x_wconf 86' lang='lat' dir='ltr'>oritur</span> <span class='ocrx_word' id='word_1_119' title='bbox 591 878 703 908; x_wconf 83' lang='lat' dir='ltr'>relatio</span> <span class='ocrx_word' id='word_1_120' title='bbox 723 889 784 918; x_wconf 82' lang='lat' dir='ltr'>que.</span> <span class='ocrx_word' id='word_1_121' title='bbox 802 882 934 908; x_wconf 82' lang='lat' dir='ltr'>vocatur</span> <span class='ocrx_word' id='word_1_122' title='bbox 956 877 1140 908; x_wconf 82' lang='lat' dir='ltr'>similitudo.</span> <span class='ocrx_word' id='word_1_123' title='bbox 1183 877 1233 908; x_wconf 73' lang='lat' dir='ltr'>Sic</span> <span class='ocrx_word' id='word_1_124' title='bbox 1258 878 1339 908; x_wconf 86' lang='lat' dir='ltr'>iuter</span> <span class='ocrx_word' id='word_1_125' title='bbox 1357 877 1520 909; x_wconf 86' lang='lat' dir='ltr'>dominum</span> <span class='ocrx_word' id='word_1_126' title='bbox 1539 883 1570 909; x_wconf 89' lang='lat' dir='ltr'>et</span> <span class='ocrx_word' id='word_1_127' title='bbox 1588 879 1758 910; x_wconf 77' lang='lat' dir='ltr'>vassallum</span> <span class='ocrx_word' id='word_1_128' title='bbox 1776 890 1831 911; x_wconf 84' lang='lat' dir='ltr'>seu</span> <span class='ocrx_word' id='word_1_129' title='bbox 1849 891 1976 912; x_wconf 80' lang='lat' dir='ltr'>servum</span> 
     </span>
     <span class='ocr_line' id='line_1_13' title="bbox 316 929 1976 971; baseline 0.001 -10"><span class='ocrx_word' id='word_1_130' title='bbox 316 936 345 961; x_wconf 87' lang='lat' dir='ltr'>et</span> <span class='ocrx_word' id='word_1_131' title='bbox 366 932 446 961; x_wconf 84' lang='lat' dir='ltr'>inter</span> <span class='ocrx_word' id='word_1_132' title='bbox 465 931 645 961; x_wconf 54' lang='lat' dir='ltr'>inst-riorum</span> <span class='ocrx_word' id='word_1_133' title='bbox 664 941 721 960; x_wconf 90' lang='lat' dir='ltr'>seu</span> <span class='ocrx_word' id='word_1_134' title='bbox 739 929 900 959; x_wconf 85' lang='lat' dir='ltr'>subditum</span> <span class='ocrx_word' id='word_1_135' title='bbox 920 934 968 959; x_wconf 85' lang='lat' dir='ltr'>est</span> <span class='ocrx_word' id='word_1_136' title='bbox 985 940 1059 959; x_wconf 83' lang='lat' dir='ltr'>vera</span> <span class='ocrx_word' id='word_1_137' title='bbox 1078 929 1191 959; x_wconf 86' lang='lat' dir='ltr'>relatio</span> <span class='ocrx_word' id='word_1_138' title='bbox 1213 929 1319 967; x_wconf 77' lang='lat' dir='ltr'>realis⁷</span> <span class='ocrx_word' id='word_1_139' title='bbox 1347 930 1433 960; x_wconf 89' lang='lat' dir='ltr'>cuius</span> <span class='ocrx_word' id='word_1_140' title='bbox 1459 930 1587 971; x_wconf 85' lang='lat' dir='ltr'>quidem</span> <span class='ocrx_word' id='word_1_141' title='bbox 1605 931 1770 962; x_wconf 82' lang='lat' dir='ltr'>relationis</span> <span class='ocrx_word' id='word_1_142' title='bbox 1787 931 1976 964; x_wconf 83' lang='lat' dir='ltr'>fundamen-</span> 
     </span>
     <span class='ocr_line' id='line_1_14' title="bbox 314 980 1975 1022; baseline 0.002 -10"><span class='ocrx_word' id='word_1_143' title='bbox 314 988 379 1012; x_wconf 87' lang='lat' dir='ltr'>tum</span> <span class='ocrx_word' id='word_1_144' title='bbox 399 986 446 1012; x_wconf 83' lang='lat' dir='ltr'>est</span> <span class='ocrx_word' id='word_1_145' title='bbox 464 982 600 1012; x_wconf 71' lang='lat' dir='ltr'>fidelitas</span> <span class='ocrx_word' id='word_1_146' title='bbox 618 993 680 1022; x_wconf 87' lang='lat' dir='ltr'>qua</span> <span class='ocrx_word' id='word_1_147' title='bbox 700 992 780 1011; x_wconf 80' lang='lat' dir='ltr'>unus</span> <span class='ocrx_word' id='word_1_148' title='bbox 796 982 890 1011; x_wconf 85' lang='lat' dir='ltr'>alteri</span> <span class='ocrx_word' id='word_1_149' title='bbox 909 985 1019 1011; x_wconf 87' lang='lat' dir='ltr'>mutuo</span> <span class='ocrx_word' id='word_1_150' title='bbox 1037 980 1208 1021; x_wconf 83' lang='lat' dir='ltr'>obligatur.</span> <span class='ocrx_word' id='word_1_151' title='bbox 1249 980 1373 1011; x_wconf 80' lang='lat' dir='ltr'>Natura</span> <span class='ocrx_word' id='word_1_152' title='bbox 1389 986 1498 1012; x_wconf 84' lang='lat' dir='ltr'>autem</span> <span class='ocrx_word' id='word_1_153' title='bbox 1515 981 1679 1013; x_wconf 76' lang='lat' dir='ltr'>relationis</span> <span class='ocrx_word' id='word_1_154' title='bbox 1696 994 1751 1014; x_wconf 85' lang='lat' dir='ltr'>seu</span> <span class='ocrx_word' id='word_1_155' title='bbox 1769 983 1975 1015; x_wconf 80' lang='lat' dir='ltr'>relativorum</span> 
     </span>
     <span class='ocr_line' id='line_1_15' title="bbox 316 1032 1975 1075; baseline 0.002 -11"><span class='ocrx_word' id='word_1_156' title='bbox 316 1035 387 1065; x_wconf 79' lang='lat' dir='ltr'>talis</span> <span class='ocrx_word' id='word_1_157' title='bbox 406 1038 452 1064; x_wconf 86' lang='lat' dir='ltr'>est</span> <span class='ocrx_word' id='word_1_158' title='bbox 471 1034 556 1075; x_wconf 91' lang='lat' dir='ltr'>quod</span> <span class='ocrx_word' id='word_1_159' title='bbox 575 1036 603 1064; x_wconf 90' lang='lat' dir='ltr'>in</span> <span class='ocrx_word' id='word_1_160' title='bbox 623 1039 775 1074; x_wconf 80' lang='lat' dir='ltr'>quantum</span> <span class='ocrx_word' id='word_1_161' title='bbox 796 1038 867 1063; x_wconf 86' lang='lat' dir='ltr'>sunt</span> <span class='ocrx_word' id='word_1_162' title='bbox 884 1033 1030 1072; x_wconf 70' lang='lat' dir='ltr'>relativa,</span> <span class='ocrx_word' id='word_1_163' title='bbox 1056 1032 1116 1063; x_wconf 87' lang='lat' dir='ltr'>hoc</span> <span class='ocrx_word' id='word_1_164' title='bbox 1135 1037 1183 1063; x_wconf 86' lang='lat' dir='ltr'>est</span> <span class='ocrx_word' id='word_1_165' title='bbox 1200 1033 1376 1064; x_wconf 84' lang='lat' dir='ltr'>seeundum</span> <span class='ocrx_word' id='word_1_166' title='bbox 1395 1034 1535 1064; x_wconf 85' lang='lat' dir='ltr'>rationes</span> <span class='ocrx_word' id='word_1_167' title='bbox 1559 1044 1617 1075; x_wconf 88' lang='lat' dir='ltr'>per</span> <span class='ocrx_word' id='word_1_168' title='bbox 1633 1045 1712 1075; x_wconf 85' lang='lat' dir='ltr'>quas</span> <span class='ocrx_word' id='word_1_169' title='bbox 1736 1039 1808 1066; x_wconf 85' lang='lat' dir='ltr'>sunt</span> <span class='ocrx_word' id='word_1_170' title='bbox 1831 1035 1975 1073; x_wconf 77' lang='lat' dir='ltr'>relativa,</span> 
     </span>
     <span class='ocr_line' id='line_1_16' title="bbox 313 1086 1975 1127; baseline 0.002 -12"><span class='ocrx_word' id='word_1_171' title='bbox 313 1097 441 1127; x_wconf 86' lang='lat' dir='ltr'>semper</span> <span class='ocrx_word' id='word_1_172' title='bbox 466 1086 559 1116; x_wconf 85' lang='lat' dir='ltr'>simul</span> <span class='ocrx_word' id='word_1_173' title='bbox 585 1089 656 1116; x_wconf 90' lang='lat' dir='ltr'>sunt</span> <span class='ocrx_word' id='word_1_174' title='bbox 682 1090 712 1115; x_wconf 85' lang='lat' dir='ltr'>et</span> <span class='ocrx_word' id='word_1_175' title='bbox 738 1086 842 1126; x_wconf 83' lang='lat' dir='ltr'>posita</span> <span class='ocrx_word' id='word_1_176' title='bbox 867 1095 900 1115; x_wconf 83' lang='lat' dir='ltr'>se</span> <span class='ocrx_word' id='word_1_177' title='bbox 926 1089 1047 1125; x_wconf 87' lang='lat' dir='ltr'>ponunt</span> <span class='ocrx_word' id='word_1_178' title='bbox 1072 1088 1105 1115; x_wconf 85' lang='lat' dir='ltr'>et</span> <span class='ocrx_word' id='word_1_179' title='bbox 1128 1089 1298 1126; x_wconf 83' lang='lat' dir='ltr'>perempta</span> <span class='ocrx_word' id='word_1_180' title='bbox 1322 1096 1356 1115; x_wconf 80' lang='lat' dir='ltr'>se</span> <span class='ocrx_word' id='word_1_181' title='bbox 1382 1086 1558 1126; x_wconf 63' lang='lat' dir='ltr'>perimunt,</span> <span class='ocrx_word' id='word_1_182' title='bbox 1588 1087 1734 1127; x_wconf 57' lang='lat' dir='ltr'>quamvis</span> <span class='ocrx_word' id='word_1_183' title='bbox 1757 1087 1841 1117; x_wconf 86' lang='lat' dir='ltr'>enim</span> <span class='ocrx_word' id='word_1_184' title='bbox 1865 1086 1975 1118; x_wconf 86' lang='lat' dir='ltr'>album</span> 
     </span>
     <span class='ocr_line' id='line_1_17' title="bbox 314 1136 1975 1179; baseline 0.001 -11"><span class='ocrx_word' id='word_1_185' title='bbox 314 1138 344 1168; x_wconf 88' lang='lat' dir='ltr'>id</span> <span class='ocrx_word' id='word_1_186' title='bbox 369 1138 452 1178; x_wconf 85' lang='lat' dir='ltr'>quod</span> <span class='ocrx_word' id='word_1_187' title='bbox 478 1138 586 1168; x_wconf 82' lang='lat' dir='ltr'>album</span> <span class='ocrx_word' id='word_1_188' title='bbox 613 1138 713 1178; x_wconf 82' lang='lat' dir='ltr'>possit</span> <span class='ocrx_word' id='word_1_189' title='bbox 737 1150 807 1167; x_wconf 77' lang='lat' dir='ltr'>esse</span> <span class='ocrx_word' id='word_1_190' title='bbox 834 1147 891 1177; x_wconf 89' lang='lat' dir='ltr'>per</span> <span class='ocrx_word' id='word_1_191' title='bbox 915 1148 948 1167; x_wconf 87' lang='lat' dir='ltr'>se</span> <span class='ocrx_word' id='word_1_192' title='bbox 978 1137 1053 1168; x_wconf 83' lang='lat' dir='ltr'>dato</span> <span class='ocrx_word' id='word_1_193' title='bbox 1088 1137 1174 1177; x_wconf 88' lang='lat' dir='ltr'>quod</span> <span class='ocrx_word' id='word_1_194' title='bbox 1199 1136 1319 1167; x_wconf 91' lang='lat' dir='ltr'>nullum</span> <span class='ocrx_word' id='word_1_195' title='bbox 1353 1137 1439 1168; x_wconf 88' lang='lat' dir='ltr'>aliud</span> <span class='ocrx_word' id='word_1_196' title='bbox 1470 1138 1511 1168; x_wconf 82' lang='lat' dir='ltr'>sit</span> <span class='ocrx_word' id='word_1_197' title='bbox 1538 1137 1657 1177; x_wconf 65' lang='lat' dir='ltr'>album,</span> <span class='ocrx_word' id='word_1_198' title='bbox 1682 1149 1843 1179; x_wconf 83' lang='lat' dir='ltr'>nunquam</span> <span class='ocrx_word' id='word_1_199' title='bbox 1867 1142 1975 1170; x_wconf 84' lang='lat' dir='ltr'>tamen</span> 
     </span>
     <span class='ocr_line' id='line_1_18' title="bbox 314 1188 1974 1231; baseline 0.001 -13"><span class='ocrx_word' id='word_1_200' title='bbox 314 1194 419 1231; x_wconf 82' lang='lat' dir='ltr'>potest</span> <span class='ocrx_word' id='word_1_201' title='bbox 445 1202 515 1220; x_wconf 83' lang='lat' dir='ltr'>esse</span> <span class='ocrx_word' id='word_1_202' title='bbox 540 1189 598 1219; x_wconf 75' lang='lat' dir='ltr'>sul)</span> <span class='ocrx_word' id='word_1_203' title='bbox 624 1189 684 1219; x_wconf 81' lang='lat' dir='ltr'>hae</span> <span class='ocrx_word' id='word_1_204' title='bbox 710 1189 832 1219; x_wconf 84' lang='lat' dir='ltr'>ratione</span> <span class='ocrx_word' id='word_1_205' title='bbox 852 1188 936 1229; x_wconf 91' lang='lat' dir='ltr'>quod</span> <span class='ocrx_word' id='word_1_206' title='bbox 962 1192 1011 1219; x_wconf 81' lang='lat' dir='ltr'>est</span> <span class='ocrx_word' id='word_1_207' title='bbox 1035 1188 1138 1219; x_wconf 85' lang='lat' dir='ltr'>simile</span> <span class='ocrx_word' id='word_1_208' title='bbox 1162 1189 1220 1218; x_wconf 87' lang='lat' dir='ltr'>nisi</span> <span class='ocrx_word' id='word_1_209' title='bbox 1246 1188 1365 1220; x_wconf 85' lang='lat' dir='ltr'>habeat</span> <span class='ocrx_word' id='word_1_210' title='bbox 1388 1189 1473 1220; x_wconf 89' lang='lat' dir='ltr'>aliud</span> <span class='ocrx_word' id='word_1_211' title='bbox 1497 1190 1672 1222; x_wconf 83' lang='lat' dir='ltr'>consimile.</span> <span class='ocrx_word' id='word_1_212' title='bbox 1696 1200 1769 1221; x_wconf 88' lang='lat' dir='ltr'>nam</span> <span class='ocrx_word' id='word_1_213' title='bbox 1794 1189 1908 1220; x_wconf 86' lang='lat' dir='ltr'>relatio</span> <span class='ocrx_word' id='word_1_214' title='bbox 1933 1189 1974 1221; x_wconf 90' lang='lat' dir='ltr'>de</span> 
     </span>
     <span class='ocr_line' id='line_1_19' title="bbox 313 1239 1976 1282; baseline 0 -10"><span class='ocrx_word' id='word_1_215' title='bbox 313 1247 426 1272; x_wconf 78' lang='lat' dir='ltr'>natura</span> <span class='ocrx_word' id='word_1_216' title='bbox 450 1253 506 1272; x_wconf 82' lang='lat' dir='ltr'>sua</span> <span class='ocrx_word' id='word_1_217' title='bbox 532 1241 664 1271; x_wconf 79' lang='lat' dir='ltr'>ineludit</span> <span class='ocrx_word' id='word_1_218' title='bbox 691 1241 753 1271; x_wconf 82' lang='lat' dir='ltr'>duo</span> <span class='ocrx_word' id='word_1_219' title='bbox 779 1244 925 1272; x_wconf 77' lang='lat' dir='ltr'>extrema</span> <span class='ocrx_word' id='word_1_220' title='bbox 954 1240 1112 1271; x_wconf 67' lang='lat' dir='ltr'>distincta.</span> <span class='ocrx_word' id='word_1_221' title='bbox 1160 1239 1201 1270; x_wconf 76' lang='lat' dir='ltr'>Er</span> <span class='ocrx_word' id='word_1_222' title='bbox 1230 1240 1301 1271; x_wconf 85' lang='lat' dir='ltr'>hine</span> <span class='ocrx_word' id='word_1_223' title='bbox 1332 1244 1380 1270; x_wconf 89' lang='lat' dir='ltr'>est</span> <span class='ocrx_word' id='word_1_224' title='bbox 1406 1240 1492 1282; x_wconf 84' lang='lat' dir='ltr'>quod</span> <span class='ocrx_word' id='word_1_225' title='bbox 1523 1242 1597 1282; x_wconf 84' lang='lat' dir='ltr'>quia</span> <span class='ocrx_word' id='word_1_226' title='bbox 1621 1241 1768 1272; x_wconf 82' lang='lat' dir='ltr'>dominus</span> <span class='ocrx_word' id='word_1_227' title='bbox 1793 1246 1843 1272; x_wconf 75' lang='lat' dir='ltr'>ety</span> <span class='ocrx_word' id='word_1_228' title='bbox 1866 1252 1976 1274; x_wconf 82' lang='lat' dir='ltr'>servus</span> 
     </span>
     <span class='ocr_line' id='line_1_20' title="bbox 312 1292 1975 1334; baseline 0.001 -11"><span class='ocrx_word' id='word_1_229' title='bbox 312 1297 384 1324; x_wconf 84' lang='lat' dir='ltr'>sunt.</span> <span class='ocrx_word' id='word_1_230' title='bbox 408 1293 555 1326; x_wconf 77' lang='lat' dir='ltr'>relativa,</span> <span class='ocrx_word' id='word_1_231' title='bbox 581 1303 740 1333; x_wconf 84' lang='lat' dir='ltr'>nunquam</span> <span class='ocrx_word' id='word_1_232' title='bbox 768 1296 873 1333; x_wconf 82' lang='lat' dir='ltr'>potest</span> <span class='ocrx_word' id='word_1_233' title='bbox 902 1303 972 1323; x_wconf 83' lang='lat' dir='ltr'>esse</span> <span class='ocrx_word' id='word_1_234' title='bbox 997 1292 1143 1323; x_wconf 87' lang='lat' dir='ltr'>dominus</span> <span class='ocrx_word' id='word_1_235' title='bbox 1173 1293 1229 1322; x_wconf 89' lang='lat' dir='ltr'>nisi</span> <span class='ocrx_word' id='word_1_236' title='bbox 1261 1293 1302 1322; x_wconf 84' lang='lat' dir='ltr'>sit.</span> <span class='ocrx_word' id='word_1_237' title='bbox 1328 1303 1448 1323; x_wconf 75' lang='lat' dir='ltr'>servus,</span> <span class='ocrx_word' id='word_1_238' title='bbox 1499 1293 1580 1324; x_wconf 87' lang='lat' dir='ltr'>Ideo</span> <span class='ocrx_word' id='word_1_239' title='bbox 1614 1293 1691 1325; x_wconf 85' lang='lat' dir='ltr'>dicit</span> <span class='ocrx_word' id='word_1_240' title='bbox 1720 1294 1920 1334; x_wconf 75' lang='lat' dir='ltr'>Augustinus</span> <span class='ocrx_word' id='word_1_241' title='bbox 1943 1294 1975 1324; x_wconf 88' lang='lat' dir='ltr'>in</span> 
     </span>
     <span class='ocr_line' id='line_1_21' title="bbox 314 1344 1975 1386; baseline 0 -11"><span class='ocrx_word' id='word_1_242' title='bbox 314 1347 422 1386; x_wconf 88' lang='lat' dir='ltr'>quinto</span> <span class='ocrx_word' id='word_1_243' title='bbox 448 1345 528 1375; x_wconf 85' lang='lat' dir='ltr'>libro</span> <span class='ocrx_word' id='word_1_244' title='bbox 555 1345 594 1375; x_wconf 83' lang='lat' dir='ltr'>(le</span> <span class='ocrx_word' id='word_1_245' title='bbox 619 1345 786 1376; x_wconf 77' lang='lat' dir='ltr'>Trinitate.</span> <span class='ocrx_word' id='word_1_246' title='bbox 812 1345 897 1385; x_wconf 84' lang='lat' dir='ltr'>quod</span> <span class='ocrx_word' id='word_1_247' title='bbox 923 1344 1012 1375; x_wconf 87' lang='lat' dir='ltr'>Deus</span> <span class='ocrx_word' id='word_1_248' title='bbox 1035 1355 1096 1374; x_wconf 88' lang='lat' dir='ltr'>non</span> <span class='ocrx_word' id='word_1_249' title='bbox 1123 1345 1181 1374; x_wconf 85' lang='lat' dir='ltr'>fuit</span> <span class='ocrx_word' id='word_1_250' title='bbox 1205 1344 1352 1375; x_wconf 86' lang='lat' dir='ltr'>domiuus</span> <span class='ocrx_word' id='word_1_251' title='bbox 1381 1345 1422 1375; x_wconf 87' lang='lat' dir='ltr'>ab</span> <span class='ocrx_word' id='word_1_252' title='bbox 1447 1348 1558 1377; x_wconf 87' lang='lat' dir='ltr'>eterno</span> <span class='ocrx_word' id='word_1_253' title='bbox 1583 1346 1658 1385; x_wconf 81' lang='lat' dir='ltr'>quia</span> <span class='ocrx_word' id='word_1_254' title='bbox 1681 1345 1722 1376; x_wconf 88' lang='lat' dir='ltr'>ab</span> <span class='ocrx_word' id='word_1_255' title='bbox 1752 1349 1863 1376; x_wconf 77' lang='lat' dir='ltr'>eterno</span> <span class='ocrx_word' id='word_1_256' title='bbox 1887 1345 1975 1376; x_wconf 86' lang='lat' dir='ltr'>nulla</span> 
     </span>
     <span class='ocr_line' id='line_1_22' title="bbox 313 1396 1974 1438; baseline 0.001 -11"><span class='ocrx_word' id='word_1_257' title='bbox 313 1398 370 1428; x_wconf 85' lang='lat' dir='ltr'>fuit</span> <span class='ocrx_word' id='word_1_258' title='bbox 396 1402 542 1428; x_wconf 82' lang='lat' dir='ltr'>ereatura</span> <span class='ocrx_word' id='word_1_259' title='bbox 568 1408 629 1438; x_wconf 90' lang='lat' dir='ltr'>que</span> <span class='ocrx_word' id='word_1_260' title='bbox 656 1400 765 1437; x_wconf 80' lang='lat' dir='ltr'>posset</span> <span class='ocrx_word' id='word_1_261' title='bbox 790 1397 852 1427; x_wconf 83' lang='lat' dir='ltr'>dici</span> <span class='ocrx_word' id='word_1_262' title='bbox 877 1397 927 1427; x_wconf 90' lang='lat' dir='ltr'>vel</span> <span class='ocrx_word' id='word_1_263' title='bbox 953 1407 1022 1427; x_wconf 87' lang='lat' dir='ltr'>esse</span> <span class='ocrx_word' id='word_1_264' title='bbox 1048 1396 1108 1427; x_wconf 87' lang='lat' dir='ltr'>Dei</span> <span class='ocrx_word' id='word_1_265' title='bbox 1133 1407 1243 1427; x_wconf 84' lang='lat' dir='ltr'>servus</span> <span class='ocrx_word' id='word_1_266' title='bbox 1268 1396 1318 1427; x_wconf 76' lang='lat' dir='ltr'>vel</span> <span class='ocrx_word' id='word_1_267' title='bbox 1349 1407 1456 1431; x_wconf 75' lang='lat' dir='ltr'>serva,</span> <span class='ocrx_word' id='word_1_268' title='bbox 1488 1397 1573 1427; x_wconf 91' lang='lat' dir='ltr'>unde</span> <span class='ocrx_word' id='word_1_269' title='bbox 1597 1397 1687 1427; x_wconf 85' lang='lat' dir='ltr'>Deus</span> <span class='ocrx_word' id='word_1_270' title='bbox 1715 1396 1745 1427; x_wconf 94' lang='lat' dir='ltr'>id</span> <span class='ocrx_word' id='word_1_271' title='bbox 1775 1396 1860 1438; x_wconf 89' lang='lat' dir='ltr'>quod</span> <span class='ocrx_word' id='word_1_272' title='bbox 1884 1396 1974 1428; x_wconf 87' lang='lat' dir='ltr'>Deus</span> 
     </span>
     <span class='ocr_line' id='line_1_23' title="bbox 312 1447 1973 1489; baseline 0.001 -11"><span class='ocrx_word' id='word_1_273' title='bbox 312 1460 367 1479; x_wconf 85' lang='lat' dir='ltr'>seu</span> <span class='ocrx_word' id='word_1_274' title='bbox 393 1449 568 1481; x_wconf 85' lang='lat' dir='ltr'>seeundum</span> <span class='ocrx_word' id='word_1_275' title='bbox 595 1449 751 1479; x_wconf 82' lang='lat' dir='ltr'>rat-ionem</span> <span class='ocrx_word' id='word_1_276' title='bbox 777 1448 908 1479; x_wconf 84' lang='lat' dir='ltr'>deitatis</span> <span class='ocrx_word' id='word_1_277' title='bbox 933 1448 992 1478; x_wconf 84' lang='lat' dir='ltr'>fuit</span> <span class='ocrx_word' id='word_1_278' title='bbox 1016 1447 1056 1478; x_wconf 86' lang='lat' dir='ltr'>ab</span> <span class='ocrx_word' id='word_1_279' title='bbox 1081 1452 1208 1479; x_wconf 84' lang='lat' dir='ltr'>eterno.</span> <span class='ocrx_word' id='word_1_280' title='bbox 1238 1452 1288 1479; x_wconf 81' lang='lat' dir='ltr'>set</span> <span class='ocrx_word' id='word_1_281' title='bbox 1311 1447 1401 1479; x_wconf 87' lang='lat' dir='ltr'>Deus</span> <span class='ocrx_word' id='word_1_282' title='bbox 1430 1449 1460 1478; x_wconf 91' lang='lat' dir='ltr'>in</span> <span class='ocrx_word' id='word_1_283' title='bbox 1487 1453 1639 1489; x_wconf 86' lang='lat' dir='ltr'>quantum</span> <span class='ocrx_word' id='word_1_284' title='bbox 1664 1448 1811 1479; x_wconf 83' lang='lat' dir='ltr'>dominus</span> <span class='ocrx_word' id='word_1_285' title='bbox 1834 1458 1892 1479; x_wconf 87' lang='lat' dir='ltr'>seu</span> <span class='ocrx_word' id='word_1_286' title='bbox 1915 1448 1973 1480; x_wconf 85' lang='lat' dir='ltr'>sub</span> 
     </span>
     <span class='ocr_line' id='line_1_24' title="bbox 313 1500 1974 1542; baseline 0 -11"><span class='ocrx_word' id='word_1_287' title='bbox 313 1502 435 1531; x_wconf 86' lang='lat' dir='ltr'>ratione</span> <span class='ocrx_word' id='word_1_288' title='bbox 461 1500 579 1530; x_wconf 87' lang='lat' dir='ltr'>domiui</span> <span class='ocrx_word' id='word_1_289' title='bbox 606 1511 666 1530; x_wconf 89' lang='lat' dir='ltr'>nou</span> <span class='ocrx_word' id='word_1_290' title='bbox 693 1500 751 1530; x_wconf 81' lang='lat' dir='ltr'>fuit</span> <span class='ocrx_word' id='word_1_291' title='bbox 776 1500 816 1530; x_wconf 84' lang='lat' dir='ltr'>ab</span> <span class='ocrx_word' id='word_1_292' title='bbox 842 1504 968 1532; x_wconf 80' lang='lat' dir='ltr'>eterno.</span> <span class='ocrx_word' id='word_1_293' title='bbox 995 1504 1029 1531; x_wconf 89' lang='lat' dir='ltr'>ut</span> <span class='ocrx_word' id='word_1_294' title='bbox 1053 1500 1130 1531; x_wconf 78' lang='lat' dir='ltr'>dieit</span> <span class='ocrx_word' id='word_1_295' title='bbox 1154 1502 1362 1541; x_wconf 71' lang='lat' dir='ltr'>Augustinus,</span> <span class='ocrx_word' id='word_1_296' title='bbox 1409 1502 1466 1531; x_wconf 83' lang='lat' dir='ltr'>Set</span> <span class='ocrx_word' id='word_1_297' title='bbox 1491 1505 1563 1532; x_wconf 85' lang='lat' dir='ltr'>tune</span> <span class='ocrx_word' id='word_1_298' title='bbox 1589 1502 1707 1542; x_wconf 75' lang='lat' dir='ltr'>incepit</span> <span class='ocrx_word' id='word_1_299' title='bbox 1731 1511 1801 1531; x_wconf 86' lang='lat' dir='ltr'>esse</span> <span class='ocrx_word' id='word_1_300' title='bbox 1826 1500 1974 1532; x_wconf 84' lang='lat' dir='ltr'>dominus</span> 
     </span>
     <span class='ocr_line' id='line_1_25' title="bbox 312 1552 1975 1595; baseline 0.001 -13"><span class='ocrx_word' id='word_1_301' title='bbox 312 1553 440 1595; x_wconf 83' lang='lat' dir='ltr'>quando</span> <span class='ocrx_word' id='word_1_302' title='bbox 467 1553 585 1593; x_wconf 66' lang='lat' dir='ltr'>ini-epitv</span> <span class='ocrx_word' id='word_1_303' title='bbox 608 1564 677 1583; x_wconf 84' lang='lat' dir='ltr'>esse</span> <span class='ocrx_word' id='word_1_304' title='bbox 703 1557 851 1583; x_wconf 82' lang='lat' dir='ltr'>ereatura</span> <span class='ocrx_word' id='word_1_305' title='bbox 876 1564 938 1594; x_wconf 88' lang='lat' dir='ltr'>que</span> <span class='ocrx_word' id='word_1_306' title='bbox 963 1554 1063 1594; x_wconf 84' lang='lat' dir='ltr'>possit</span> <span class='ocrx_word' id='word_1_307' title='bbox 1087 1553 1149 1583; x_wconf 85' lang='lat' dir='ltr'>diei</span> <span class='ocrx_word' id='word_1_308' title='bbox 1167 1553 1234 1583; x_wconf 87' lang='lat' dir='ltr'>eius</span> <span class='ocrx_word' id='word_1_309' title='bbox 1259 1563 1351 1583; x_wconf 86' lang='lat' dir='ltr'>serva</span> <span class='ocrx_word' id='word_1_310' title='bbox 1377 1553 1427 1583; x_wconf 81' lang='lat' dir='ltr'>vel</span> <span class='ocrx_word' id='word_1_311' title='bbox 1453 1563 1572 1583; x_wconf 61' lang='lat' dir='ltr'>servus</span> <span class='ocrx_word' id='word_1_312' title='bbox 1617 1552 1706 1583; x_wconf 81' lang='lat' dir='ltr'>Deus</span> <span class='ocrx_word' id='word_1_313' title='bbox 1730 1553 1814 1583; x_wconf 86' lang='lat' dir='ltr'>enim</span> <span class='ocrx_word' id='word_1_314' title='bbox 1838 1563 1901 1583; x_wconf 87' lang='lat' dir='ltr'>non</span> <span class='ocrx_word' id='word_1_315' title='bbox 1926 1556 1975 1584; x_wconf 83' lang='lat' dir='ltr'>est</span> 
     </span>
     <span class='ocr_line' id='line_1_26' title="bbox 312 1604 1973 1646; baseline 0 -11"><span class='ocrx_word' id='word_1_316' title='bbox 312 1616 427 1635; x_wconf 81' lang='lat' dir='ltr'>nomen</span> <span class='ocrx_word' id='word_1_317' title='bbox 454 1605 622 1635; x_wconf 82' lang='lat' dir='ltr'>relativum</span> <span class='ocrx_word' id='word_1_318' title='bbox 648 1608 680 1634; x_wconf 83' lang='lat' dir='ltr'>et</span> <span class='ocrx_word' id='word_1_319' title='bbox 704 1605 776 1635; x_wconf 88' lang='lat' dir='ltr'>ideo</span> <span class='ocrx_word' id='word_1_320' title='bbox 802 1605 891 1636; x_wconf 90' lang='lat' dir='ltr'>Deus</span> <span class='ocrx_word' id='word_1_321' title='bbox 916 1605 974 1636; x_wconf 80' lang='lat' dir='ltr'>fuit</span> <span class='ocrx_word' id='word_1_322' title='bbox 999 1604 1096 1637; x_wconf 83' lang='lat' dir='ltr'>Deus.</span> <span class='ocrx_word' id='word_1_323' title='bbox 1121 1608 1294 1646; x_wconf 75' lang='lat' dir='ltr'>antequam</span> <span class='ocrx_word' id='word_1_324' title='bbox 1319 1608 1405 1635; x_wconf 78' lang='lat' dir='ltr'>esset</span> <span class='ocrx_word' id='word_1_325' title='bbox 1423 1608 1569 1635; x_wconf 83' lang='lat' dir='ltr'>ereatura</span> <span class='ocrx_word' id='word_1_326' title='bbox 1587 1604 1706 1646; x_wconf 87' lang='lat' dir='ltr'>aliqua.</span> <span class='ocrx_word' id='word_1_327' title='bbox 1746 1604 1803 1635; x_wconf 82' lang='lat' dir='ltr'>Set</span> <span class='ocrx_word' id='word_1_328' title='bbox 1826 1604 1973 1635; x_wconf 86' lang='lat' dir='ltr'>dominus</span> 
     </span>
     <span class='ocr_line' id='line_1_27' title="bbox 312 1656 1972 1699; baseline 0 -12"><span class='ocrx_word' id='word_1_329' title='bbox 312 1665 356 1687; x_wconf 81' lang='lat' dir='ltr'>est</span> <span class='ocrx_word' id='word_1_330' title='bbox 392 1668 506 1687; x_wconf 72' lang='lat' dir='ltr'>omnen</span> <span class='ocrx_word' id='word_1_331' title='bbox 540 1657 707 1687; x_wconf 85' lang='lat' dir='ltr'>relativum</span> <span class='ocrx_word' id='word_1_332' title='bbox 741 1661 773 1687; x_wconf 86' lang='lat' dir='ltr'>et</span> <span class='ocrx_word' id='word_1_333' title='bbox 808 1657 920 1687; x_wconf 87' lang='lat' dir='ltr'>relatio</span> <span class='ocrx_word' id='word_1_334' title='bbox 952 1657 1083 1687; x_wconf 88' lang='lat' dir='ltr'>ineludit</span> <span class='ocrx_word' id='word_1_335' title='bbox 1113 1656 1176 1687; x_wconf 90' lang='lat' dir='ltr'>duo</span> <span class='ocrx_word' id='word_1_336' title='bbox 1208 1659 1363 1688; x_wconf 86' lang='lat' dir='ltr'>extrema.</span> <span class='ocrx_word' id='word_1_337' title='bbox 1414 1656 1490 1687; x_wconf 86' lang='lat' dir='ltr'>ldeo</span> <span class='ocrx_word' id='word_1_338' title='bbox 1515 1656 1604 1687; x_wconf 87' lang='lat' dir='ltr'>Deus</span> <span class='ocrx_word' id='word_1_339' title='bbox 1637 1667 1699 1687; x_wconf 92' lang='lat' dir='ltr'>non</span> <span class='ocrx_word' id='word_1_340' title='bbox 1732 1656 1791 1687; x_wconf 86' lang='lat' dir='ltr'>fuit</span> <span class='ocrx_word' id='word_1_341' title='bbox 1815 1656 1972 1699; x_wconf 61' lang='lat' dir='ltr'>dominus,</span> 
     </span>
     <span class='ocr_line' id='line_1_28' title="bbox 313 1707 1971 1749; baseline 0.001 -11"><span class='ocrx_word' id='word_1_342' title='bbox 313 1709 413 1738; x_wconf 87' lang='lat' dir='ltr'>donee</span> <span class='ocrx_word' id='word_1_343' title='bbox 439 1713 523 1737; x_wconf 73' lang='lat' dir='ltr'>ess-et</span> <span class='ocrx_word' id='word_1_344' title='bbox 547 1708 662 1749; x_wconf 79' lang='lat' dir='ltr'>aliquis</span> <span class='ocrx_word' id='word_1_345' title='bbox 688 1709 740 1749; x_wconf 92' lang='lat' dir='ltr'>qui</span> <span class='ocrx_word' id='word_1_346' title='bbox 767 1716 875 1749; x_wconf 87' lang='lat' dir='ltr'>posset</span> <span class='ocrx_word' id='word_1_347' title='bbox 899 1709 961 1739; x_wconf 85' lang='lat' dir='ltr'>diei</span> <span class='ocrx_word' id='word_1_348' title='bbox 987 1709 1055 1739; x_wconf 88' lang='lat' dir='ltr'>eius</span> <span class='ocrx_word' id='word_1_349' title='bbox 1079 1719 1197 1739; x_wconf 88' lang='lat' dir='ltr'>servus.</span> <span class='ocrx_word' id='word_1_350' title='bbox 1246 1708 1287 1739; x_wconf 85' lang='lat' dir='ltr'>Et</span> <span class='ocrx_word' id='word_1_351' title='bbox 1311 1708 1465 1739; x_wconf 73' lang='lat' dir='ltr'>consimili</span> <span class='ocrx_word' id='word_1_352' title='bbox 1492 1707 1587 1738; x_wconf 86' lang='lat' dir='ltr'>modo</span> <span class='ocrx_word' id='word_1_353' title='bbox 1613 1712 1675 1747; x_wconf 78' lang='lat' dir='ltr'>est,</span> <span class='ocrx_word' id='word_1_354' title='bbox 1706 1708 1781 1748; x_wconf 85' lang='lat' dir='ltr'>quia</span> <span class='ocrx_word' id='word_1_355' title='bbox 1805 1709 1886 1739; x_wconf 86' lang='lat' dir='ltr'>sieut</span> <span class='ocrx_word' id='word_1_356' title='bbox 1909 1719 1971 1739; x_wconf 87' lang='lat' dir='ltr'>non</span> 
     </span>
     <span class='ocr_line' id='line_1_29' title="bbox 312 1760 1970 1801; baseline 0.001 -12"><span class='ocrx_word' id='word_1_357' title='bbox 312 1767 417 1801; x_wconf 82' lang='lat' dir='ltr'>potest</span> <span class='ocrx_word' id='word_1_358' title='bbox 442 1772 511 1789; x_wconf 84' lang='lat' dir='ltr'>esse</span> <span class='ocrx_word' id='word_1_359' title='bbox 542 1761 672 1793; x_wconf 75' lang='lat' dir='ltr'>relatio,</span> <span class='ocrx_word' id='word_1_360' title='bbox 707 1761 763 1790; x_wconf 84' lang='lat' dir='ltr'>nisi</span> <span class='ocrx_word' id='word_1_361' title='bbox 794 1765 865 1790; x_wconf 88' lang='lat' dir='ltr'>sunt</span> <span class='ocrx_word' id='word_1_362' title='bbox 890 1761 952 1791; x_wconf 90' lang='lat' dir='ltr'>duo</span> <span class='ocrx_word' id='word_1_363' title='bbox 978 1768 1140 1798; x_wconf 74' lang='lat' dir='ltr'>extrema,v</span> <span class='ocrx_word' id='word_1_364' title='bbox 1177 1761 1220 1790; x_wconf 87' lang='lat' dir='ltr'>sie</span> <span class='ocrx_word' id='word_1_365' title='bbox 1252 1760 1414 1791; x_wconf 81' lang='lat' dir='ltr'>destructo</span> <span class='ocrx_word' id='word_1_366' title='bbox 1445 1771 1506 1790; x_wconf 90' lang='lat' dir='ltr'>uno</span> <span class='ocrx_word' id='word_1_367' title='bbox 1532 1760 1738 1791; x_wconf 87' lang='lat' dir='ltr'>relativorum</span> <span class='ocrx_word' id='word_1_368' title='bbox 1763 1761 1792 1790; x_wconf 92' lang='lat' dir='ltr'>in</span> <span class='ocrx_word' id='word_1_369' title='bbox 1818 1763 1970 1801; x_wconf 84' lang='lat' dir='ltr'>quantum</span> 
     </span>
     <span class='ocr_line' id='line_1_30' title="bbox 312 1811 1972 1843; baseline 0 -1"><span class='ocrx_word' id='word_1_370' title='bbox 312 1813 479 1842; x_wconf 78' lang='lat' dir='ltr'>relativum</span> <span class='ocrx_word' id='word_1_371' title='bbox 506 1816 553 1842; x_wconf 82' lang='lat' dir='ltr'>est</span> <span class='ocrx_word' id='word_1_372' title='bbox 576 1812 750 1842; x_wconf 77' lang='lat' dir='ltr'>destruitur</span> <span class='ocrx_word' id='word_1_373' title='bbox 775 1816 841 1843; x_wconf 85' lang='lat' dir='ltr'>tota</span> <span class='ocrx_word' id='word_1_374' title='bbox 859 1812 972 1843; x_wconf 87' lang='lat' dir='ltr'>relatio</span> <span class='ocrx_word' id='word_1_375' title='bbox 999 1821 1030 1842; x_wconf 84' lang='lat' dir='ltr'>et</span> <span class='ocrx_word' id='word_1_376' title='bbox 1054 1812 1228 1843; x_wconf 80' lang='lat' dir='ltr'>destruitur</span> <span class='ocrx_word' id='word_1_377' title='bbox 1244 1812 1379 1843; x_wconf 86' lang='lat' dir='ltr'>alterum</span> <span class='ocrx_word' id='word_1_378' title='bbox 1398 1811 1606 1843; x_wconf 84' lang='lat' dir='ltr'>eorelativum</span> <span class='ocrx_word' id='word_1_379' title='bbox 1623 1811 1798 1842; x_wconf 81' lang='lat' dir='ltr'>secundum</span> <span class='ocrx_word' id='word_1_380' title='bbox 1816 1812 1972 1843; x_wconf 86' lang='lat' dir='ltr'>rationem</span> 
     </span>
     <span class='ocr_line' id='line_1_31' title="bbox 312 1862 1972 1905; baseline 0.001 -12"><span class='ocrx_word' id='word_1_381' title='bbox 312 1875 374 1904; x_wconf 83' lang='lat' dir='ltr'>qua</span> <span class='ocrx_word' id='word_1_382' title='bbox 398 1863 513 1894; x_wconf 83' lang='lat' dir='ltr'>dieitur</span> <span class='ocrx_word' id='word_1_383' title='bbox 538 1864 717 1894; x_wconf 83' lang='lat' dir='ltr'>relativum.</span> <span class='ocrx_word' id='word_1_384' title='bbox 765 1863 796 1894; x_wconf 81' lang='lat' dir='ltr'>Si</span> <span class='ocrx_word' id='word_1_385' title='bbox 830 1865 911 1894; x_wconf 89' lang='lat' dir='ltr'>euim</span> <span class='ocrx_word' id='word_1_386' title='bbox 943 1865 1029 1894; x_wconf 88' lang='lat' dir='ltr'>nulla</span> <span class='ocrx_word' id='word_1_387' title='bbox 1062 1872 1147 1894; x_wconf 85' lang='lat' dir='ltr'>esset</span> <span class='ocrx_word' id='word_1_388' title='bbox 1176 1868 1323 1895; x_wconf 85' lang='lat' dir='ltr'>ereatura</span> <span class='ocrx_word' id='word_1_389' title='bbox 1356 1874 1417 1905; x_wconf 88' lang='lat' dir='ltr'>que</span> <span class='ocrx_word' id='word_1_390' title='bbox 1448 1867 1557 1904; x_wconf 79' lang='lat' dir='ltr'>posset</span> <span class='ocrx_word' id='word_1_391' title='bbox 1586 1863 1648 1894; x_wconf 80' lang='lat' dir='ltr'>dici</span> <span class='ocrx_word' id='word_1_392' title='bbox 1677 1863 1760 1894; x_wconf 70' lang='lat' dir='ltr'>Dei³</span> <span class='ocrx_word' id='word_1_393' title='bbox 1787 1873 1898 1894; x_wconf 80' lang='lat' dir='ltr'>servus</span> <span class='ocrx_word' id='word_1_394' title='bbox 1921 1862 1972 1895; x_wconf 83' lang='lat' dir='ltr'>vel</span> 
     </span>
     <span class='ocr_line' id='line_1_32' title="bbox 312 1914 1974 1956; baseline 0 -11"><span class='ocrx_word' id='word_1_395' title='bbox 312 1927 414 1947; x_wconf 83' lang='lat' dir='ltr'>serva.</span> <span class='ocrx_word' id='word_1_396' title='bbox 440 1916 660 1945; x_wconf 71' lang='lat' dir='ltr'>destrueretur</span> <span class='ocrx_word' id='word_1_397' title='bbox 677 1915 764 1945; x_wconf 77' lang='lat' dir='ltr'>Deus</span> <span class='ocrx_word' id='word_1_398' title='bbox 790 1927 850 1945; x_wconf 92' lang='lat' dir='ltr'>non</span> <span class='ocrx_word' id='word_1_399' title='bbox 868 1915 1042 1946; x_wconf 84' lang='lat' dir='ltr'>seeundum</span> <span class='ocrx_word' id='word_1_400' title='bbox 1063 1915 1093 1945; x_wconf 89' lang='lat' dir='ltr'>id</span> <span class='ocrx_word' id='word_1_401' title='bbox 1111 1915 1196 1956; x_wconf 88' lang='lat' dir='ltr'>quod</span> <span class='ocrx_word' id='word_1_402' title='bbox 1214 1915 1314 1955; x_wconf 76' lang='lat' dir='ltr'>Deus,</span> <span class='ocrx_word' id='word_1_403' title='bbox 1339 1920 1388 1946; x_wconf 87' lang='lat' dir='ltr'>set</span> <span class='ocrx_word' id='word_1_404' title='bbox 1412 1915 1587 1945; x_wconf 87' lang='lat' dir='ltr'>seeundum</span> <span class='ocrx_word' id='word_1_405' title='bbox 1606 1915 1761 1945; x_wconf 84' lang='lat' dir='ltr'>rationem</span> <span class='ocrx_word' id='word_1_406' title='bbox 1779 1925 1842 1955; x_wconf 89' lang='lat' dir='ltr'>qua</span> <span class='ocrx_word' id='word_1_407' title='bbox 1859 1914 1974 1945; x_wconf 82' lang='lat' dir='ltr'>dieitur</span> 
     </span>
     <span class='ocr_line' id='line_1_33' title="bbox 312 1966 1974 2008; baseline 0 -11"><span class='ocrx_word' id='word_1_408' title='bbox 312 1968 467 1999; x_wconf 77' lang='lat' dir='ltr'>dominus.</span> <span class='ocrx_word' id='word_1_409' title='bbox 493 1968 567 2007; x_wconf 54' lang='lat' dir='ltr'>quia,</span> <span class='ocrx_word' id='word_1_410' title='bbox 594 1968 617 1997; x_wconf 87' lang='lat' dir='ltr'>si</span> <span class='ocrx_word' id='word_1_411' title='bbox 645 1967 729 1997; x_wconf 87' lang='lat' dir='ltr'>nulla</span> <span class='ocrx_word' id='word_1_412' title='bbox 755 1972 839 1998; x_wconf 84' lang='lat' dir='ltr'>esset</span> <span class='ocrx_word' id='word_1_413' title='bbox 864 1972 1010 1998; x_wconf 83' lang='lat' dir='ltr'>ereatura</span> <span class='ocrx_word' id='word_1_414' title='bbox 1037 1979 1098 2008; x_wconf 77' lang='lat' dir='ltr'>que</span> <span class='ocrx_word' id='word_1_415' title='bbox 1125 1971 1235 2008; x_wconf 84' lang='lat' dir='ltr'>posset</span> <span class='ocrx_word' id='word_1_416' title='bbox 1260 1967 1320 1997; x_wconf 83' lang='lat' dir='ltr'>diei</span> <span class='ocrx_word' id='word_1_417' title='bbox 1347 1978 1457 1997; x_wconf 85' lang='lat' dir='ltr'>servus</span> <span class='ocrx_word' id='word_1_418' title='bbox 1481 1967 1531 1997; x_wconf 86' lang='lat' dir='ltr'>vel</span> <span class='ocrx_word' id='word_1_419' title='bbox 1555 1977 1645 1997; x_wconf 81' lang='lat' dir='ltr'>serva</span> <span class='ocrx_word' id='word_1_420' title='bbox 1664 1966 1753 1997; x_wconf 84' lang='lat' dir='ltr'>Deus</span> <span class='ocrx_word' id='word_1_421' title='bbox 1776 1977 1838 1997; x_wconf 86' lang='lat' dir='ltr'>non</span> <span class='ocrx_word' id='word_1_422' title='bbox 1865 1970 1974 2007; x_wconf 83' lang='lat' dir='ltr'>posset</span> 
     </span>
     <span class='ocr_line' id='line_1_34' title="bbox 312 2018 1974 2060; baseline -0.001 -11"><span class='ocrx_word' id='word_1_423' title='bbox 312 2020 373 2049; x_wconf 76' lang='lat' dir='ltr'>diei</span> <span class='ocrx_word' id='word_1_424' title='bbox 399 2019 554 2050; x_wconf 82' lang='lat' dir='ltr'>domiuus.</span> <span class='ocrx_word' id='word_1_425' title='bbox 604 2019 693 2049; x_wconf 72' lang='lat' dir='ltr'>Nune</span> <span class='ocrx_word' id='word_1_426' title='bbox 719 2028 826 2050; x_wconf 84' lang='lat' dir='ltr'>autem</span> <span class='ocrx_word' id='word_1_427' title='bbox 861 2020 901 2049; x_wconf 83' lang='lat' dir='ltr'>ita</span> <span class='ocrx_word' id='word_1_428' title='bbox 935 2026 982 2049; x_wconf 87' lang='lat' dir='ltr'>est</span> <span class='ocrx_word' id='word_1_429' title='bbox 1011 2023 1043 2049; x_wconf 84' lang='lat' dir='ltr'>ut</span> <span class='ocrx_word' id='word_1_430' title='bbox 1075 2019 1205 2060; x_wconf 79' lang='lat' dir='ltr'>promisi</span> <span class='ocrx_word' id='word_1_431' title='bbox 1240 2018 1324 2060; x_wconf 86' lang='lat' dir='ltr'>quod</span> <span class='ocrx_word' id='word_1_432' title='bbox 1355 2018 1502 2049; x_wconf 85' lang='lat' dir='ltr'>dominus</span> <span class='ocrx_word' id='word_1_433' title='bbox 1533 2022 1565 2049; x_wconf 80' lang='lat' dir='ltr'>et</span> <span class='ocrx_word' id='word_1_434' title='bbox 1588 2018 1744 2049; x_wconf 81' lang='lat' dir='ltr'>vassallus</span> <span class='ocrx_word' id='word_1_435' title='bbox 1772 2019 1918 2059; x_wconf 86' lang='lat' dir='ltr'>superior</span> <span class='ocrx_word' id='word_1_436' title='bbox 1941 2022 1974 2049; x_wconf 83' lang='lat' dir='ltr'>et</span> 
     </span>
     <span class='ocr_line' id='line_1_35' title="bbox 312 2069 1973 2111; baseline 0 -11"><span class='ocrx_word' id='word_1_437' title='bbox 312 2071 456 2101; x_wconf 75' lang='lat' dir='ltr'>subditus</span> <span class='ocrx_word' id='word_1_438' title='bbox 481 2071 654 2101; x_wconf 79' lang='lat' dir='ltr'>seeundum</span> <span class='ocrx_word' id='word_1_439' title='bbox 683 2071 758 2101; x_wconf 85' lang='lat' dir='ltr'>istas</span> <span class='ocrx_word' id='word_1_440' title='bbox 792 2071 932 2101; x_wconf 83' lang='lat' dir='ltr'>rationes</span> <span class='ocrx_word' id='word_1_441' title='bbox 961 2071 1109 2101; x_wconf 83' lang='lat' dir='ltr'>dieuutur</span> <span class='ocrx_word' id='word_1_442' title='bbox 1136 2070 1176 2101; x_wconf 87' lang='lat' dir='ltr'>ad</span> <span class='ocrx_word' id='word_1_443' title='bbox 1207 2082 1240 2101; x_wconf 83' lang='lat' dir='ltr'>se</span> <span class='ocrx_word' id='word_1_444' title='bbox 1271 2078 1381 2101; x_wconf 90' lang='lat' dir='ltr'>mutuo</span> <span class='ocrx_word' id='word_1_445' title='bbox 1407 2070 1549 2101; x_wconf 78' lang='lat' dir='ltr'>relative.</span> <span class='ocrx_word' id='word_1_446' title='bbox 1596 2069 1638 2101; x_wconf 89' lang='lat' dir='ltr'>Et</span> <span class='ocrx_word' id='word_1_447' title='bbox 1662 2070 1765 2111; x_wconf 84' lang='lat' dir='ltr'>posita</span> <span class='ocrx_word' id='word_1_448' title='bbox 1794 2080 1827 2100; x_wconf 87' lang='lat' dir='ltr'>se</span> <span class='ocrx_word' id='word_1_449' title='bbox 1853 2072 1973 2110; x_wconf 85' lang='lat' dir='ltr'>ponunt</span> 
     </span>
     <span class='ocr_line' id='line_1_36' title="bbox 312 2121 1972 2163; baseline 0 -11"><span class='ocrx_word' id='word_1_450' title='bbox 312 2129 341 2152; x_wconf 84' lang='lat' dir='ltr'>et</span> <span class='ocrx_word' id='word_1_451' title='bbox 369 2131 535 2163; x_wconf 82' lang='lat' dir='ltr'>perempta</span> <span class='ocrx_word' id='word_1_452' title='bbox 569 2135 601 2151; x_wconf 75' lang='lat' dir='ltr'>se</span> <span class='ocrx_word' id='word_1_453' title='bbox 628 2123 787 2162; x_wconf 86' lang='lat' dir='ltr'>perimunt</span> <span class='ocrx_word' id='word_1_454' title='bbox 818 2123 846 2152; x_wconf 94' lang='lat' dir='ltr'>in</span> <span class='ocrx_word' id='word_1_455' title='bbox 873 2127 1024 2163; x_wconf 89' lang='lat' dir='ltr'>quantum</span> <span class='ocrx_word' id='word_1_456' title='bbox 1059 2123 1145 2153; x_wconf 86' lang='lat' dir='ltr'>talia.</span> <span class='ocrx_word' id='word_1_457' title='bbox 1193 2123 1263 2153; x_wconf 82' lang='lat' dir='ltr'>llee</span> <span class='ocrx_word' id='word_1_458' title='bbox 1293 2128 1400 2153; x_wconf 88' lang='lat' dir='ltr'>autem</span> <span class='ocrx_word' id='word_1_459' title='bbox 1431 2122 1544 2153; x_wconf 86' lang='lat' dir='ltr'>relatio</span> <span class='ocrx_word' id='word_1_460' title='bbox 1576 2121 1727 2152; x_wconf 88' lang='lat' dir='ltr'>fundatur</span> <span class='ocrx_word' id='word_1_461' title='bbox 1750 2131 1845 2162; x_wconf 85' lang='lat' dir='ltr'>supra</span> <span class='ocrx_word' id='word_1_462' title='bbox 1869 2121 1972 2152; x_wconf 86' lang='lat' dir='ltr'>fideli—</span> 
     </span>
     <span class='ocr_line' id='line_1_37' title="bbox 313 2172 1971 2218; baseline 0 -14"><span class='ocrx_word' id='word_1_463' title='bbox 313 2182 422 2206; x_wconf 83' lang='lat' dir='ltr'>tatem.</span> <span class='ocrx_word' id='word_1_464' title='bbox 448 2186 510 2215; x_wconf 90' lang='lat' dir='ltr'>qua</span> <span class='ocrx_word' id='word_1_465' title='bbox 535 2175 720 2213; x_wconf 59' lang='lat' dir='ltr'>astriugitur</span> <span class='ocrx_word' id='word_1_466' title='bbox 738 2174 892 2205; x_wconf 79' lang='lat' dir='ltr'>vassallus</span> <span class='ocrx_word' id='word_1_467' title='bbox 918 2175 1045 2205; x_wconf 88' lang='lat' dir='ltr'>domino</span> <span class='ocrx_word' id='word_1_468' title='bbox 1064 2175 1113 2205; x_wconf 86' lang='lat' dir='ltr'>vel</span> <span class='ocrx_word' id='word_1_469' title='bbox 1139 2174 1284 2205; x_wconf 80' lang='lat' dir='ltr'>subditus</span> <span class='ocrx_word' id='word_1_470' title='bbox 1302 2174 1457 2215; x_wconf 79' lang='lat' dir='ltr'>superiori</span> <span class='ocrx_word' id='word_1_471' title='bbox 1481 2184 1548 2218; x_wconf 74' lang='lat' dir='ltr'>suo.</span> <span class='ocrx_word' id='word_1_472' title='bbox 1590 2173 1630 2204; x_wconf 84' lang='lat' dir='ltr'>Et</span> <span class='ocrx_word' id='word_1_473' title='bbox 1654 2173 1727 2204; x_wconf 89' lang='lat' dir='ltr'>ideo</span> <span class='ocrx_word' id='word_1_474' title='bbox 1752 2174 1833 2204; x_wconf 80' lang='lat' dir='ltr'>sieut</span> <span class='ocrx_word' id='word_1_475' title='bbox 1855 2172 1971 2204; x_wconf 79' lang='lat' dir='ltr'>albedo</span> 
     </span>
     <span class='ocr_line' id='line_1_38' title="bbox 314 2225 1971 2267; baseline 0 -12"><span class='ocrx_word' id='word_1_476' title='bbox 314 2238 374 2266; x_wconf 87' lang='lat' dir='ltr'>que</span> <span class='ocrx_word' id='word_1_477' title='bbox 401 2231 448 2255; x_wconf 78' lang='lat' dir='ltr'>est</span> <span class='ocrx_word' id='word_1_478' title='bbox 475 2226 714 2256; x_wconf 70' lang='lat' dir='ltr'>tundamentum</span> <span class='ocrx_word' id='word_1_479' title='bbox 742 2227 905 2256; x_wconf 82' lang='lat' dir='ltr'>relationis</span> <span class='ocrx_word' id='word_1_480' title='bbox 931 2238 991 2267; x_wconf 85' lang='lat' dir='ltr'>que</span> <span class='ocrx_word' id='word_1_481' title='bbox 1009 2232 1141 2257; x_wconf 72' lang='lat' dir='ltr'>vocatur</span> <span class='ocrx_word' id='word_1_482' title='bbox 1157 2226 1332 2257; x_wconf 83' lang='lat' dir='ltr'>similitudo</span> <span class='ocrx_word' id='word_1_483' title='bbox 1358 2226 1515 2256; x_wconf 88' lang='lat' dir='ltr'>invenitur</span> <span class='ocrx_word' id='word_1_484' title='bbox 1539 2226 1568 2255; x_wconf 89' lang='lat' dir='ltr'>in</span> <span class='ocrx_word' id='word_1_485' title='bbox 1585 2225 1710 2256; x_wconf 81' lang='lat' dir='ltr'>duobus</span> <span class='ocrx_word' id='word_1_486' title='bbox 1734 2225 1886 2257; x_wconf 82' lang='lat' dir='ltr'>extremis</span> <span class='ocrx_word' id='word_1_487' title='bbox 1909 2234 1971 2266; x_wconf 88' lang='lat' dir='ltr'>que</span> 
     </span>
     <span class='ocr_line' id='line_1_39' title="bbox 312 2276 1972 2319; baseline 0 -12"><span class='ocrx_word' id='word_1_488' title='bbox 312 2279 456 2308; x_wconf 65' lang='lat' dir='ltr'>dis-untur</span> <span class='ocrx_word' id='word_1_489' title='bbox 471 2279 594 2309; x_wconf 78' lang='lat' dir='ltr'>similia.</span> <span class='ocrx_word' id='word_1_490' title='bbox 612 2279 692 2308; x_wconf 77' lang='lat' dir='ltr'>sieut</span> <span class='ocrx_word' id='word_1_491' title='bbox 706 2279 756 2308; x_wconf 79' lang='lat' dir='ltr'>uix</span> <span class='ocrx_word' id='word_1_492' title='bbox 776 2284 807 2308; x_wconf 89' lang='lat' dir='ltr'>et</span> <span class='ocrx_word' id='word_1_493' title='bbox 822 2278 920 2309; x_wconf 82' lang='lat' dir='ltr'>farina</span> <span class='ocrx_word' id='word_1_494' title='bbox 936 2278 1083 2309; x_wconf 73' lang='lat' dir='ltr'>dicuntur</span> <span class='ocrx_word' id='word_1_495' title='bbox 1096 2279 1221 2310; x_wconf 86' lang='lat' dir='ltr'>similia.</span> <span class='ocrx_word' id='word_1_496' title='bbox 1236 2279 1310 2319; x_wconf 86' lang='lat' dir='ltr'>quia</span> <span class='ocrx_word' id='word_1_497' title='bbox 1328 2279 1356 2308; x_wconf 92' lang='lat' dir='ltr'>in</span> <span class='ocrx_word' id='word_1_498' title='bbox 1371 2282 1507 2318; x_wconf 83' lang='lat' dir='ltr'>utroque</span> <span class='ocrx_word' id='word_1_499' title='bbox 1522 2278 1679 2307; x_wconf 88' lang='lat' dir='ltr'>invenitur</span> <span class='ocrx_word' id='word_1_500' title='bbox 1691 2276 1819 2313; x_wconf 78' lang='lat' dir='ltr'>albedo,</span> <span class='ocrx_word' id='word_1_501' title='bbox 1836 2277 1880 2308; x_wconf 85' lang='lat' dir='ltr'>sic</span> <span class='ocrx_word' id='word_1_502' title='bbox 1897 2277 1972 2318; x_wconf 86' lang='lat' dir='ltr'>quia</span> 
     </span>
     <span class='ocr_line' id='line_1_40' title="bbox 313 2328 1971 2371; baseline 0.001 -13"><span class='ocrx_word' id='word_1_503' title='bbox 313 2330 457 2359; x_wconf 78' lang='lat' dir='ltr'>domiuus</span> <span class='ocrx_word' id='word_1_504' title='bbox 476 2336 505 2359; x_wconf 91' lang='lat' dir='ltr'>et</span> <span class='ocrx_word' id='word_1_505' title='bbox 522 2330 674 2360; x_wconf 83' lang='lat' dir='ltr'>vassallus</span> <span class='ocrx_word' id='word_1_506' title='bbox 691 2341 746 2360; x_wconf 92' lang='lat' dir='ltr'>seu</span> <span class='ocrx_word' id='word_1_507' title='bbox 762 2342 871 2360; x_wconf 83' lang='lat' dir='ltr'>servus</span> <span class='ocrx_word' id='word_1_508' title='bbox 889 2335 920 2361; x_wconf 88' lang='lat' dir='ltr'>et</span> <span class='ocrx_word' id='word_1_509' title='bbox 935 2331 1064 2361; x_wconf 87' lang='lat' dir='ltr'>inferior</span> <span class='ocrx_word' id='word_1_510' title='bbox 1083 2339 1113 2361; x_wconf 84' lang='lat' dir='ltr'>er</span> <span class='ocrx_word' id='word_1_511' title='bbox 1131 2331 1276 2371; x_wconf 85' lang='lat' dir='ltr'>superior</span> <span class='ocrx_word' id='word_1_512' title='bbox 1290 2330 1436 2361; x_wconf 70' lang='lat' dir='ltr'>dicuntur</span> <span class='ocrx_word' id='word_1_513' title='bbox 1449 2329 1580 2360; x_wconf 83' lang='lat' dir='ltr'>relativa</span> <span class='ocrx_word' id='word_1_514' title='bbox 1600 2335 1630 2359; x_wconf 83' lang='lat' dir='ltr'>et</span> <span class='ocrx_word' id='word_1_515' title='bbox 1645 2339 1754 2359; x_wconf 86' lang='lat' dir='ltr'>eorum</span> <span class='ocrx_word' id='word_1_516' title='bbox 1772 2329 1887 2360; x_wconf 81' lang='lat' dir='ltr'>relatio</span> <span class='ocrx_word' id='word_1_517' title='bbox 1901 2328 1971 2359; x_wconf 86' lang='lat' dir='ltr'>fun·</span> 
     </span>
     <span class='ocr_line' id='line_1_41' title="bbox 313 2380 1970 2421; baseline 0.001 -11"><span class='ocrx_word' id='word_1_518' title='bbox 313 2381 405 2411; x_wconf 80' lang='lat' dir='ltr'>datur</span> <span class='ocrx_word' id='word_1_519' title='bbox 423 2382 450 2411; x_wconf 90' lang='lat' dir='ltr'>iu</span> <span class='ocrx_word' id='word_1_520' title='bbox 468 2381 622 2411; x_wconf 70' lang='lat' dir='ltr'>fidelitate</span> <span class='ocrx_word' id='word_1_521' title='bbox 641 2382 721 2411; x_wconf 83' lang='lat' dir='ltr'>sieut</span> <span class='ocrx_word' id='word_1_522' title='bbox 734 2382 908 2413; x_wconf 81' lang='lat' dir='ltr'>similitudo</span> <span class='ocrx_word' id='word_1_523' title='bbox 926 2383 955 2412; x_wconf 91' lang='lat' dir='ltr'>iu</span> <span class='ocrx_word' id='word_1_524' title='bbox 974 2382 1134 2421; x_wconf 73' lang='lat' dir='ltr'>albedine,</span> <span class='ocrx_word' id='word_1_525' title='bbox 1151 2382 1268 2412; x_wconf 79' lang='lat' dir='ltr'>ideireo</span> <span class='ocrx_word' id='word_1_526' title='bbox 1284 2382 1421 2412; x_wconf 82' lang='lat' dir='ltr'>fidelitas</span> <span class='ocrx_word' id='word_1_527' title='bbox 1439 2392 1500 2411; x_wconf 84' lang='lat' dir='ltr'>non</span> <span class='ocrx_word' id='word_1_528' title='bbox 1514 2381 1615 2411; x_wconf 87' lang='lat' dir='ltr'>solum</span> <span class='ocrx_word' id='word_1_529' title='bbox 1634 2381 1662 2411; x_wconf 87' lang='lat' dir='ltr'>iu</span> <span class='ocrx_word' id='word_1_530' title='bbox 1677 2380 1805 2411; x_wconf 82' lang='lat' dir='ltr'>subdito</span> <span class='ocrx_word' id='word_1_531' title='bbox 1822 2383 1970 2421; x_wconf 79' lang='lat' dir='ltr'>respectu</span> 
     </span>
     <span class='ocr_line' id='line_1_42' title="bbox 313 2431 1969 2474; baseline 0 -12"><span class='ocrx_word' id='word_1_532' title='bbox 313 2433 441 2464; x_wconf 76' lang='lat' dir='ltr'>domiui.</span> <span class='ocrx_word' id='word_1_533' title='bbox 460 2441 505 2463; x_wconf 74' lang='lat' dir='ltr'>set</span> <span class='ocrx_word' id='word_1_534' title='bbox 526 2434 620 2463; x_wconf 79' lang='lat' dir='ltr'>etiam</span> <span class='ocrx_word' id='word_1_535' title='bbox 642 2434 669 2463; x_wconf 92' lang='lat' dir='ltr'>iu</span> <span class='ocrx_word' id='word_1_536' title='bbox 689 2434 817 2464; x_wconf 87' lang='lat' dir='ltr'>domiuo</span> <span class='ocrx_word' id='word_1_537' title='bbox 837 2440 984 2474; x_wconf 69' lang='lat' dir='ltr'>respectu</span> <span class='ocrx_word' id='word_1_538' title='bbox 1003 2434 1119 2464; x_wconf 76' lang='lat' dir='ltr'>subditi</span> <span class='ocrx_word' id='word_1_539' title='bbox 1139 2434 1237 2464; x_wconf 85' lang='lat' dir='ltr'>debet</span> <span class='ocrx_word' id='word_1_540' title='bbox 1254 2433 1408 2464; x_wconf 71' lang='lat' dir='ltr'>fidelitas³</span> <span class='ocrx_word' id='word_1_541' title='bbox 1427 2433 1557 2463; x_wconf 90' lang='lat' dir='ltr'>inveniri</span> <span class='ocrx_word' id='word_1_542' title='bbox 1576 2437 1608 2463; x_wconf 86' lang='lat' dir='ltr'>et</span> <span class='ocrx_word' id='word_1_543' title='bbox 1625 2433 1648 2462; x_wconf 91' lang='lat' dir='ltr'>si</span> <span class='ocrx_word' id='word_1_544' title='bbox 1666 2431 1804 2463; x_wconf 79' lang='lat' dir='ltr'>fidelitas</span> <span class='ocrx_word' id='word_1_545' title='bbox 1820 2432 1850 2462; x_wconf 90' lang='lat' dir='ltr'>in</span> <span class='ocrx_word' id='word_1_546' title='bbox 1868 2431 1969 2463; x_wconf 86' lang='lat' dir='ltr'>altero</span> 
     </span>
     <span class='ocr_line' id='line_1_43' title="bbox 313 2483 1968 2526; baseline 0.001 -13"><span class='ocrx_word' id='word_1_547' title='bbox 313 2485 442 2514; x_wconf 60' lang='lat' dir='ltr'>istorum</span> <span class='ocrx_word' id='word_1_548' title='bbox 462 2484 613 2515; x_wconf 66' lang='lat' dir='ltr'>desueuit.</span> <span class='ocrx_word' id='word_1_549' title='bbox 633 2486 712 2525; x_wconf 87' lang='lat' dir='ltr'>perit</span> <span class='ocrx_word' id='word_1_550' title='bbox 733 2486 844 2515; x_wconf 84' lang='lat' dir='ltr'>relatio</span> <span class='ocrx_word' id='word_1_551' title='bbox 864 2486 945 2515; x_wconf 90' lang='lat' dir='ltr'>iuter</span> <span class='ocrx_word' id='word_1_552' title='bbox 963 2487 1057 2526; x_wconf 77' lang='lat' dir='ltr'>ipsos.</span> <span class='ocrx_word' id='word_1_553' title='bbox 1076 2491 1108 2516; x_wconf 92' lang='lat' dir='ltr'>ut</span> <span class='ocrx_word' id='word_1_554' title='bbox 1126 2487 1187 2516; x_wconf 80' lang='lat' dir='ltr'>iani</span> <span class='ocrx_word' id='word_1_555' title='bbox 1207 2497 1267 2515; x_wconf 89' lang='lat' dir='ltr'>non</span> <span class='ocrx_word' id='word_1_556' title='bbox 1286 2485 1410 2516; x_wconf 76' lang='lat' dir='ltr'>dicatur</span> <span class='ocrx_word' id='word_1_557' title='bbox 1428 2486 1486 2515; x_wconf 88' lang='lat' dir='ltr'>iste</span> <span class='ocrx_word' id='word_1_558' title='bbox 1505 2484 1651 2515; x_wconf 80' lang='lat' dir='ltr'>&lt;lominus</span> <span class='ocrx_word' id='word_1_559' title='bbox 1668 2495 1726 2515; x_wconf 86' lang='lat' dir='ltr'>nee</span> <span class='ocrx_word' id='word_1_560' title='bbox 1744 2483 1796 2515; x_wconf 88' lang='lat' dir='ltr'>ille</span> <span class='ocrx_word' id='word_1_561' title='bbox 1813 2483 1968 2514; x_wconf 64' lang='lat' dir='ltr'>subditus</span> 
     </span>
     <span class='ocr_line' id='line_1_44' title="bbox 314 2535 1968 2578; baseline 0.001 -14"><span class='ocrx_word' id='word_1_562' title='bbox 314 2537 412 2575; x_wconf 81' lang='lat' dir='ltr'>(&#39;ulpa</span> <span class='ocrx_word' id='word_1_563' title='bbox 439 2544 543 2565; x_wconf 68' lang='lat' dir='ltr'>tumen</span> <span class='ocrx_word' id='word_1_564' title='bbox 571 2538 626 2566; x_wconf 83' lang='lat' dir='ltr'>erit</span> <span class='ocrx_word' id='word_1_565' title='bbox 655 2544 682 2566; x_wconf 89' lang='lat' dir='ltr'>et</span> <span class='ocrx_word' id='word_1_566' title='bbox 712 2548 790 2577; x_wconf 84' lang='lat' dir='ltr'>penu</span> <span class='ocrx_word' id='word_1_567' title='bbox 820 2538 906 2567; x_wconf 91' lang='lat' dir='ltr'>illum</span> <span class='ocrx_word' id='word_1_568' title='bbox 933 2538 1055 2568; x_wconf 75' lang='lat' dir='ltr'>tenebit</span> <span class='ocrx_word' id='word_1_569' title='bbox 1080 2549 1118 2568; x_wconf 82' lang='lat' dir='ltr'>ex</span> <span class='ocrx_word' id='word_1_570' title='bbox 1145 2546 1235 2578; x_wconf 83' lang='lat' dir='ltr'>parte</span> <span class='ocrx_word' id='word_1_571' title='bbox 1261 2538 1349 2567; x_wconf 84' lang='lat' dir='ltr'>euius</span> <span class='ocrx_word' id='word_1_572' title='bbox 1372 2538 1454 2578; x_wconf 83' lang='lat' dir='ltr'>perit</span> <span class='ocrx_word' id='word_1_573' title='bbox 1472 2536 1618 2567; x_wconf 68' lang='lat' dir='ltr'>fidelitas</span> <span class='ocrx_word' id='word_1_574' title='bbox 1670 2535 1851 2567; x_wconf 80' lang='lat' dir='ltr'>Secundum</span> <span class='ocrx_word' id='word_1_575' title='bbox 1876 2536 1968 2567; x_wconf 84' lang='lat' dir='ltr'>istam</span> 
     </span>
     <span class='ocr_line' id='line_1_45' title="bbox 314 2587 1968 2630; baseline 0.001 -14"><span class='ocrx_word' id='word_1_576' title='bbox 314 2588 466 2617; x_wconf 60' lang='lat' dir='ltr'>rationem</span> <span class='ocrx_word' id='word_1_577' title='bbox 495 2588 655 2618; x_wconf 70' lang='lat' dir='ltr'>videretur</span> <span class='ocrx_word' id='word_1_578' title='bbox 685 2589 860 2629; x_wconf 73' lang='lat' dir='ltr'>aliquibus.</span> <span class='ocrx_word' id='word_1_579' title='bbox 895 2589 979 2630; x_wconf 85' lang='lat' dir='ltr'>quod</span> <span class='ocrx_word' id='word_1_580' title='bbox 1010 2590 1089 2620; x_wconf 79' lang='lat' dir='ltr'>sieut</span> <span class='ocrx_word' id='word_1_581' title='bbox 1123 2590 1297 2630; x_wconf 86' lang='lat' dir='ltr'>imperator</span> <span class='ocrx_word' id='word_1_582' title='bbox 1327 2594 1374 2620; x_wconf 87' lang='lat' dir='ltr'>est</span> <span class='ocrx_word' id='word_1_583' title='bbox 1403 2589 1550 2619; x_wconf 77' lang='lat' dir='ltr'>astrictus</span> <span class='ocrx_word' id='word_1_584' title='bbox 1579 2588 1707 2619; x_wconf 87' lang='lat' dir='ltr'>domino</span> <span class='ocrx_word' id='word_1_585' title='bbox 1732 2597 1816 2628; x_wconf 85' lang='lat' dir='ltr'>pape</span> <span class='ocrx_word' id='word_1_586' title='bbox 1846 2587 1968 2618; x_wconf 82' lang='lat' dir='ltr'>ratione</span> 
     </span>
    </p>
   </div>
   <div class='ocr_carea' id='block_1_7' title="bbox 1996 842 2020 859">
    <p class='ocr_par' dir='ltr' id='par_1_7' title="bbox 1996 842 2020 859">
     <span class='ocr_line' id='line_1_46' title="bbox 1996 842 2020 859; baseline 0 0"><span class='ocrx_word' id='word_1_587' title='bbox 1996 842 2020 859; x_wconf 80' lang='lat'>10</span> 
     </span>
    </p>
   </div>
   <div class='ocr_carea' id='block_1_8' title="bbox 1995 1099 2019 1117">
    <p class='ocr_par' dir='ltr' id='par_1_8' title="bbox 1995 1099 2019 1117">
     <span class='ocr_line' id='line_1_47' title="bbox 1995 1099 2019 1117; baseline 0 0"><span class='ocrx_word' id='word_1_588' title='bbox 1995 1099 2019 1117; x_wconf 74' lang='lat'>15</span> 
     </span>
    </p>
   </div>
   <div class='ocr_carea' id='block_1_9' title="bbox 1992 1616 2016 1634">
    <p class='ocr_par' dir='ltr' id='par_1_9' title="bbox 1992 1616 2016 1634">
     <span class='ocr_line' id='line_1_48' title="bbox 1992 1616 2016 1634; baseline 0 0"><span class='ocrx_word' id='word_1_589' title='bbox 1992 1616 2016 1634; x_wconf 75' lang='lat'>25</span> 
     </span>
    </p>
   </div>
   <div class='ocr_carea' id='block_1_10' title="bbox 1992 1876 2017 1894">
    <p class='ocr_par' dir='ltr' id='par_1_10' title="bbox 1992 1876 2017 1894">
     <span class='ocr_line' id='line_1_49' title="bbox 1992 1876 2017 1894; baseline 0.04 -1"><span class='ocrx_word' id='word_1_590' title='bbox 1992 1876 2017 1894; x_wconf 70' lang='lat'>:30</span> 
     </span>
    </p>
   </div>
   <div class='ocr_carea' id='block_1_11' title="bbox 1991 2134 2016 2152">
    <p class='ocr_par' dir='ltr' id='par_1_11' title="bbox 1991 2134 2016 2152">
     <span class='ocr_line' id='line_1_50' title="bbox 1991 2134 2016 2152; baseline 0 0"><span class='ocrx_word' id='word_1_591' title='bbox 1991 2134 2016 2152; x_wconf 68' lang='grc'>35</span> 
     </span>
    </p>
   </div>
   <div class='ocr_carea' id='block_1_12' title="bbox 1990 2392 2015 2411">
    <p class='ocr_par' dir='ltr' id='par_1_12' title="bbox 1990 2392 2015 2411">
     <span class='ocr_line' id='line_1_51' title="bbox 1990 2392 2015 2411; baseline 0 0"><span class='ocrx_word' id='word_1_592' title='bbox 1990 2392 2015 2411; x_wconf 72' lang='lat'>⁴0</span> 
     </span>
    </p>
   </div>
   <div class='ocr_carea' id='block_1_13' title="bbox 315 2638 2011 2681">
    <p class='ocr_par' dir='ltr' id='par_1_13' title="bbox 315 2638 2011 2681">
     <span class='ocr_line' id='line_1_52' title="bbox 315 2638 2011 2681; baseline 0.003 -15"><span class='ocrx_word' id='word_1_593' title='bbox 315 2638 447 2677; x_wconf 64' lang='lat' dir='ltr'>imperii.</span> <span class='ocrx_word' id='word_1_594' title='bbox 474 2639 556 2678; x_wconf 63' lang='lat' dir='ltr'>quo-l</span> <span class='ocrx_word' id='word_1_595' title='bbox 584 2649 668 2669; x_wconf 81' lang='lat' dir='ltr'>tenet</span> <span class='ocrx_word' id='word_1_596' title='bbox 696 2641 736 2670; x_wconf 76' lang='lat' dir='ltr'>ab</span> <span class='ocrx_word' id='word_1_597' title='bbox 763 2654 799 2670; x_wconf 85' lang='lat' dir='ltr'>eo</span> <span class='ocrx_word' id='word_1_598' title='bbox 818 2641 942 2671; x_wconf 81' lang='lat' dir='ltr'>vineulo</span> <span class='ocrx_word' id='word_1_599' title='bbox 968 2641 1141 2672; x_wconf 77' lang='lat' dir='ltr'>fidelitatis.</span> <span class='ocrx_word' id='word_1_600' title='bbox 1167 2646 1201 2671; x_wconf 89' lang='lat' dir='ltr'>ut</span> <span class='ocrx_word' id='word_1_601' title='bbox 1225 2642 1268 2671; x_wconf 78' lang='lat' dir='ltr'>sie</span> <span class='ocrx_word' id='word_1_602' title='bbox 1293 2652 1326 2671; x_wconf 86' lang='lat' dir='ltr'>se</span> <span class='ocrx_word' id='word_1_603' title='bbox 1352 2641 1472 2671; x_wconf 83' lang='lat' dir='ltr'>habeat</span> <span class='ocrx_word' id='word_1_604' title='bbox 1496 2640 1536 2671; x_wconf 86' lang='lat' dir='ltr'>ad</span> <span class='ocrx_word' id='word_1_605' title='bbox 1555 2640 1718 2671; x_wconf 89' lang='lat' dir='ltr'>dominum</span> <span class='ocrx_word' id='word_1_606' title='bbox 1737 2649 1865 2681; x_wconf 85' lang='lat' dir='ltr'>papam,</span> <span class='ocrx_word' id='word_1_607' title='bbox 1889 2639 1970 2671; x_wconf 84' lang='lat' dir='ltr'>sicut</span> <span class='ocrx_word' id='word_1_608' title='bbox 1987 2653 2011 2672; x_wconf 73' lang='lat'>⁴5</span> 
     </span>
    </p>
   </div>
   <div class='ocr_carea' id='block_1_14' title="bbox 316 2690 1970 2732">
    <p class='ocr_par' dir='ltr' id='par_1_14' title="bbox 316 2690 1970 2732">
     <span class='ocr_line' id='line_1_53' title="bbox 316 2690 1970 2732; baseline 0.001 -12"><span class='ocrx_word' id='word_1_609' title='bbox 316 2690 414 2718; x_wconf 61' lang='lat' dir='ltr'>tidelis</span> <span class='ocrx_word' id='word_1_610' title='bbox 448 2691 590 2720; x_wconf 55' lang='lat' dir='ltr'>subditus</span> <span class='ocrx_word' id='word_1_611' title='bbox 622 2705 653 2720; x_wconf 77' lang='lat' dir='ltr'>se</span> <span class='ocrx_word' id='word_1_612' title='bbox 686 2692 780 2722; x_wconf 68' lang='lat' dir='ltr'>«lebet</span> <span class='ocrx_word' id='word_1_613' title='bbox 814 2693 934 2723; x_wconf 79' lang='lat' dir='ltr'>habere</span> <span class='ocrx_word' id='word_1_614' title='bbox 966 2693 1005 2723; x_wconf 84' lang='lat' dir='ltr'>ud</span> <span class='ocrx_word' id='word_1_615' title='bbox 1035 2704 1125 2723; x_wconf 84' lang='lat' dir='ltr'>suum</span> <span class='ocrx_word' id='word_1_616' title='bbox 1151 2693 1330 2726; x_wconf 83' lang='lat' dir='ltr'>dominum.</span> <span class='ocrx_word' id='word_1_617' title='bbox 1361 2693 1404 2723; x_wconf 86' lang='lat' dir='ltr'>sie</span> <span class='ocrx_word' id='word_1_618' title='bbox 1429 2703 1519 2722; x_wconf 80' lang='lat' dir='ltr'>versa</span> <span class='ocrx_word' id='word_1_619' title='bbox 1546 2693 1614 2722; x_wconf 79' lang='lat' dir='ltr'>viee</span> <span class='ocrx_word' id='word_1_620' title='bbox 1644 2691 1790 2722; x_wconf 83' lang='lat' dir='ltr'>dominus</span> <span class='ocrx_word' id='word_1_621' title='bbox 1821 2701 1904 2732; x_wconf 84' lang='lat' dir='ltr'>papa</span> <span class='ocrx_word' id='word_1_622' title='bbox 1929 2692 1970 2722; x_wconf 83' lang='lat' dir='ltr'>sit</span> 
     </span>
    </p>
   </div>
   <div class='ocr_carea' id='block_1_15' title="bbox 421 2811 1967 2845">
    <p class='ocr_par' dir='ltr' id='par_1_15' title="bbox 421 2811 1967 2845">
     <span class='ocr_line' id='line_1_54' title="bbox 421 2811 1967 2845; baseline 0.002 -12"><span class='ocrx_word' id='word_1_623' title='bbox 421 2811 496 2834; x_wconf 63' lang='lat'>1251.</span> <span class='ocrx_word' id='word_1_624' title='bbox 520 2818 529 2827; x_wconf 38' lang='lat' dir='ltr'>N</span> <span class='ocrx_word' id='word_1_625' title='bbox 565 2825 579 2831; x_wconf 44' lang='lat' dir='ltr'>w</span> <span class='ocrx_word' id='word_1_626' title='bbox 593 2823 609 2843; x_wconf 51' lang='grc' dir='ltr'><em>μ</em></span> <span class='ocrx_word' id='word_1_627' title='bbox 634 2820 647 2835; x_wconf 65' lang='lat' dir='ltr'>rr</span> <span class='ocrx_word' id='word_1_628' title='bbox 662 2823 672 2835; x_wconf 60' lang='lat' dir='ltr'>r</span> <span class='ocrx_word' id='word_1_629' title='bbox 730 2815 762 2836; x_wconf 61' lang='lat' dir='ltr'>DJ.</span> <span class='ocrx_word' id='word_1_630' title='bbox 786 2815 818 2836; x_wconf 71' lang='lat' dir='ltr'>nl·</span> <span class='ocrx_word' id='word_1_631' title='bbox 841 2824 859 2837; x_wconf 70' lang='lat' dir='ltr'>c.</span> <span class='ocrx_word' id='word_1_632' title='bbox 945 2819 969 2836; x_wconf 58' lang='grc' dir='ltr'>,Μ</span> <span class='ocrx_word' id='word_1_633' title='bbox 990 2824 1055 2839; x_wconf 60' lang='lat' dir='ltr'>cors.</span> <span class='ocrx_word' id='word_1_634' title='bbox 1075 2824 1150 2845; x_wconf 57' lang='lat' dir='ltr'>sulm·</span> <span class='ocrx_word' id='word_1_635' title='bbox 1171 2821 1206 2839; x_wconf 70' lang='lat' dir='ltr'>est</span> <span class='ocrx_word' id='word_1_636' title='bbox 1227 2815 1300 2838; x_wconf 60' lang='lat' dir='ltr'>‹Ire&#39;rh</span> <span class='ocrx_word' id='word_1_637' title='bbox 1315 2823 1335 2838; x_wconf 84' lang='lat' dir='ltr'>c.</span> <span class='ocrx_word' id='word_1_638' title='bbox 1419 2814 1440 2845; x_wconf 63' lang='grc'>7)</span> <span class='ocrx_word' id='word_1_639' title='bbox 1461 2823 1527 2838; x_wconf 68' lang='lat' dir='ltr'>corr.</span> <span class='ocrx_word' id='word_1_640' title='bbox 1548 2823 1577 2838; x_wconf 68' lang='grc' dir='ltr'>ω·</span> <span class='ocrx_word' id='word_1_641' title='bbox 1597 2814 1658 2838; x_wconf 85' lang='lat' dir='ltr'>deus</span> <span class='ocrx_word' id='word_1_642' title='bbox 1677 2822 1696 2837; x_wconf 82' lang='lat' dir='ltr'>c.</span> <span class='ocrx_word' id='word_1_643' title='bbox 1777 2814 1801 2843; x_wconf 75' lang='lat'>³)</span> <span class='ocrx_word' id='word_1_644' title='bbox 1821 2812 1928 2837; x_wconf 77' lang='lat' dir='ltr'>fideliter</span> <span class='ocrx_word' id='word_1_645' title='bbox 1946 2821 1967 2837; x_wconf 80' lang='lat' dir='ltr'>c.</span> 
     </span>
    </p>
   </div>
  </div>
 </body>
</html>
