2127 3187
343 176 403 203 7243
738 172 898 197 lllilNlllCl
923 172 980 197 Vll.
1001 169 1324 197 ‹JONsTI'rU'l'IONES
1363 169 1438 195 1:312.
1474 169 1593 195 N1·.735.

448 258 606 288 Hem-icus
636 258 696 288 ])‹·i
726 259 827 297 gratia
860 258 1073 288 Romanorum
1107 268 1163 287 rex
1194 266 1321 297 semper
1350 259 1503 296 augustus
1577 256 1702 286 vicariis
1732 257 1796 287 suis
1827 257 1991 289 civitatum

343 309 453 339 l'adue
479 314 509 339 et
527 309 684 341 Yieentic.
710 312 761 350 qni
788 320 867 339 nunc
893 314 963 339 sunt
988 310 1036 338 vel
1063 320 1119 349 pro
1144 313 1290 348 tempore
1316 307 1443 345 fuerint,
1469 313 1500 337 et
1525 307 1672 338 omnibus
1689 308 1838 339 fidelibus
1854 309 1991 341 Romani

342 362 464 401 imperii
490 366 521 391 et
546 362 668 391 vicariis
693 370 723 391 et
748 361 931 391 ostitialibns
960 362 1022 389 suis
1047 360 1314 400 quibuscumun
1346 358 1387 389 ad
1412 370 1491 399 quos
1515 363 1682 399 presentes
1704 359 1812 391 littere
1836 371 1992 401 pervene-

341 413 410 443 rint.
436 412 582 442 tidelibns
606 414 669 442 snis
695 413 818 443 dilectis
885 413 1020 450 gratiam
1046 422 1135 441 suam
1160 415 1191 441 et
1216 422 1310 441 omne
1334 410 1462 441 bonum.

448 474 493 511 (l)
520 473 598 502 (¹mn
625 473 709 502 iuxta
736 481 840 502 nostre
859 472 1038 501 decentiam
1063 471 1240 501 maiestatis
1265 481 1378 501 causas
1395 470 1628 501 dissensionum
1653 475 1684 501 ct
1705 482 1858 511 errorum,
1884 474 1936 514 qui
1961 476 1993 504 et

341 534 401 564 que
427 525 507 554 inter
531 524 641 553 fideles
667 528 789 554 nostros
813 524 984 554 l‘adnanos
1015 526 1046 552 et
1063 523 1251 553 Vicentinos
1276 533 1452 563 eorumque
1481 523 1629 553 comunia
1661 527 1693 553 ct
1717 523 1895 564 singulares
1918 535 1991 566 per—

340 586 433 605 sonas
469 580 615 615 poterant
651 586 806 614 generare
843 575 1039 613 discrimina,
1075 578 1223 605 curantes
1258 574 1403 615 diligenti
1442 574 1655 604 sollieitudine
1692 585 1858 607 removere
1891 581 1923 607 et
1951 577 1993 608 ad

340 628 504 666 pacificum
531 632 646 657 statum
672 627 826 657 reducere
850 637 946 666 super
970 626 1070 660 bonis,
1096 625 1216 656 iuribus
1239 629 1272 657 et
1296 626 1552 666 possessionibus
1577 625 1838 667 [inilmobilibuffl
1862 627 1992 660 Padua-

340 689 449 708 norum
467 680 533 708 sitis
559 679 586 708 in
605 678 732 708 civitate
753 678 896 707 Viventio
922 681 953 706 et
970 677 1114 707 districtu
1139 682 1170 708 ct
1189 688 1206 707 e
1229 688 1382 708 converso
1408 688 1503 718 super
1520 677 1619 715 bonis,
1644 677 1766 708 iuribus
1790 680 1841 710 et.b
1865 691 1992 721 posses-

339 730 478 759 sionibus
503 730 716 760 immobilibus
736 729 974 758 Viventinornm
1006 729 1073 758 sitis
1104 729 1133 758 in
1160 729 1290 760 civitate
1314 729 1426 759 I'adue
1457 733 1489 759 et
1513 729 1657 759 districtu
1681 740 1804 760 necnon
1836 734 1869 762 et
1895 741 1992 772 super

339 792 419 821 aqua
446 793 499 811 scu
525 781 848 811 tim-10¹·13;1‹·11i]i0nis
873 780 1039 820 privilegia
1065 780 1203 821 quedam
1229 781 1301 811 bine
1326 780 1398 811 inde
1425 780 1611 811 duxerimus
1635 781 1870 823 concedenda¹7
1895 793 1992 829 super

339 844 470 873 qnorum
512 833 700 862 executione
741 832 884 862 facienda
926 832 1144 863 venerabilem
1184 833 1285 863 virum
1323 834 1500 874 Aymonem
1537 833 1765 865 Gebenensem
1804 835 1992 876 episcopum

339 885 512 924 principem
538 890 569 913 et
594 885 799 914 secretarium
825 889 966 915 nostrum
990 885 1044 915 illo
1070 884 1256 916 duxerimus
1281 886 1575 925 transmittendum,
1606 887 1658 927 qui
1691 890 1779 917 certo
1811 897 1908 928 super
1930 887 1991 918 hoc

338 935 421 965 fat-to
448 946 596 975 processu
621 937 812 966 sententiam
838 936 918 968 tulit.
944 940 1038 976 prout
1062 937 1092 966 in
1116 937 1334 967 instrumentis
1352 937 1519 977 publicis2,
1545 948 1606 978 quc
1631 949 1728 979 super
1751 938 1811 969 hiis
1835 938 1992 970 conscribi

338 987 434 1017 iussit.
460 986 583 1026 plenius
600 988 789 1019 continetur.
814 998 882 1027 nec,
906 993 941 1018 ut
965 999 1022 1028 pro
1044 994 1134 1028 parte
1152 988 1379 1019 I’adnanorum
1405 989 1496 1019 nobis
1521 990 1713 1020 insinuatum
1739 994 1797 1029 est,
1821 990 1992 1032 privilegia

337 1038 478 1078 predicta
505 1047 536 1067 et
560 1040 717 1069 sententia
735 1039 774 1069 de
794 1039 888 1072 facto,
914 1047 947 1070 ut
970 1045 1077 1070 nostre
1103 1041 1286 1070 intentionis
1311 1040 1370 1071 fuit
1395 1045 1426 1071 ct
1451 1046 1509 1081 est,
1535 1043 1622 1072 iuxta
1647 1043 1787 1083 ipsorum
1806 1046 1934 1074 tenores
1959 1046 1992 1074 et

337 1090 454 1119 formas
479 1100 551 1120 suas
575 1091 635 1121 sint
660 1092 771 1121 sortita
797 1092 930 1122 effeetus
955 1098 986 1122 et
1012 1093 1194 1123 executioni
1218 1093 1380 1132 mandata,
1406 1093 1551 1124 volentes
1576 1095 1703 1124 omnino
1728 1095 1797 1135 ipsa
1822 1095 1992 1136 privilegia

336 1149 367 1171 et
391 1143 612 1172 eoncessiones
637 1143 664 1173 in
684 1147 795 1174 totum.
821 1148 914 1184 prout
938 1145 1154 1174 concessimus
1178 1148 1210 1175 et
1234 1145 1390 1175 conscribi
1415 1149 1512 1186 atque
1537 1145 1669 1186 sigillari
1687 1146 1831 1186 fecimus,
1856 1146 1991 1177 inviola-

336 1193 442 1224 biliter
466 1194 638 1229 observari,
667 1195 857 1235 prudentem
883 1196 983 1226 virum
1009 1196 1198 1226 Bassianum
1224 1196 1264 1227 de.
1290 1196 1419 1227 Guaziis
1443 1197 1551 1238 legum
1577 1198 1791 1238 professorem
1817 1202 1849 1229 et
1872 1197 1991 1230 Iohan-

335 1256 406 1275 nem
433 1245 471 1275 de
491 1245 689 1287 castallione
707 1248 803 1277 nostri
823 1247 937 1287 palacii
955 1247 1128 1281 auditores,
1155 1248 1330 1279 familiares
1355 1252 1387 1279 et
1411 1249 1608 1280 consiliarios
1632 1254 1756 1280 nostros
1781 1249 1925 1290 dilectos,
1949 1250 1991 1282 ad

336 1300 442 1337 partes
473 1301 504 1327 et
533 1297 602 1328 loca
626 1298 771 1329 l'adnani
801 1304 833 1329 et
852 1299 1009 1330 Vicentini
1035 1299 1236 1330 districtuum
1266 1301 1504 1341 presentialiter
1533 1301 1683 1332 duximus
1714 1301 1989 1334 transmittendos.

336 1350 382 1388 1-2)
409 1349 531 1384 Quibus
549 1349 727 1380 deliberato
752 1351 883 1381 consilio
909 1359 1088 1382 nostrorum
1113 1351 1252 1383 iudicum
1279 1356 1311 1383 et
1335 1354 1516 1393 sapientum
1541 1358 1652 1384 tenore
1677 1354 1874 1394 presentium
1899 1353 1990 1386 dedi-

334 1411 404 1431 mns
433 1402 460 1431 in
486 1401 659 1434 mandatis.
690 1406 724 1432 ut
748 1402 832 1433 dieta
858 1403 1025 1444 privilegia
1049 1408 1213 1444 tamqnam
1242 1405 1325 1435 iusta
1354 1409 1386 1435 et
1410 1405 1614 1436 rationabilia
1643 1409 1676 1436 et
1707 1406 1766 1436 iuri
1790 1416 1930 1437 consona.
1958 1409 1992 1437 et

334 1453 524 1483 sententiam
543 1453 719 1493 predictam
738 1455 891 1495 impleant
915 1462 946 1485 et
971 1460 1181 1496 excipiantur,
1204 1461 1298 1496 prout
1315 1457 1433 1497 scripta
1451 1461 1533 1495 sunt,
1556 1457 1757 1497 integraliter
1773 1467 1845 1488 cum
1861 1457 1988 1490 effectu.

336 1504 496 1537 lubentes.
521 1510 555 1535 ut
578 1505 618 1535 ad
636 1506 738 1536 lot-nm
765 1518 932 1537 comunem
957 1507 1039 1537 inter
1063 1507 1209 1537 civitates
1227 1507 1340 1538 Padue
1366 1511 1398 1538 et
1410 1507 1559 1539 Vicentie
1584 1519 1640 1539 seu
1665 1509 1742 1540 alibi
1766 1519 1867 1550 prope
1892 1510 1989 1550 ipsas,

334 1556 387 1586 nbi
417 1557 514 1587 tutius
538 1560 569 1587 et
594 1557 758 1588 eomodins
787 1559 827 1589 sit
852 1559 996 1600 partibus
1020 1559 1208 1594 convenire,
1241 1559 1415 1590 secundum
1444 1560 1670 1591 discretionem
1695 1561 1872 1592 eorundem
1896 1571 1989 1593 acce—

335 1607 411 1637 dant
436 1612 467 1638 et
489 1609 610 1639 vocatis
634 1610 674 1640 ad
704 1622 736 1641 se
763 1611 909 1641 omnibns
939 1615 971 1641 ct
995 1611 1126 1651 singulis
1151 1611 1314 1642 Paduanis
1344 1615 1376 1642 et
1393 1611 1571 1643 Yicentinis
1595 1612 1776 1644 dicentibus
1799 1623 1857 1644 seu
1881 1613 1989 1645 dicere

335 1660 522 1692 volentibus.
547 1672 580 1691 se
605 1662 757 1702 spoliatos
782 1663 877 1692 fnisse
903 1663 966 1693 suis
989 1663 1091 1701 bonis⁷
1116 1663 1236 1693 iuribus
1261 1669 1293 1693 et
1315 1664 1568 1704 possessionibus
1592 1665 1810 1696 immobilibus
1835 1666 1988 1706 tempori-

334 1712 391 1742 bus
415 1713 444 1742 in
463 1712 554 1742 dictis
576 1713 750 1754 privilegiis
767 1715 933 1753 contentis,
956 1715 1114 1756 recipiunt
1137 1715 1277 1756 capitula
1302 1719 1334 1746 et
1352 1715 1558 1756 probationes
1582 1727 1601 1746 a
1618 1716 1750 1757 singulis
1773 1727 1870 1758 super
1886 1717 1988 1758 bonis,

334 1764 452 1794 iuribus
477 1770 509 1794 et
526 1766 778 1805 possessionibus
803 1766 1020 1797 immobilibus
1045 1771 1076 1796 et
1101 1767 1221 1797 iuribus
1244 1778 1280 1797 ac
1306 1767 1411 1798 rebus.
1437 1778 1498 1808 quc
1516 1767 1623 1798 dicere
1648 1772 1680 1799 et
1704 1768 1875 1799 ostendere
1897 1769 1987 1800 volu-

334 1817 415 1845 erint
446 1826 479 1845 se
504 1817 683 1856 possedisse
713 1821 744 1847 et
769 1819 908 1848 tenuisse
933 1818 1132 1859 temporibus
1167 1819 1324 1849 contentis
1352 1819 1384 1849 in
1409 1819 1584 1860 privilegiis
1614 1819 1784 1851 antedictis
1817 1824 1849 1851 et
1873 1820 1989 1862 quibus

334 1879 367 1897 se
393 1878 536 1897 asserere
562 1869 717 1899 voluerint
743 1869 839 1899 fnisse
865 1870 986 1900 eisdem
1012 1869 1210 1910 temporibus
1236 1871 1399 1911 spoliatos.
1457 1870 1499 1901 Et.
1522 1872 1658 1901 veritate
1684 1875 1812 1912 reperta
1836 1873 1923 1913 ipsos
1947 1872 1987 1904 de

335 1919 409 1958 ipsis
425 1919 525 1950 bonis.
551 1920 671 1950 iuribus
695 1924 726 1950 et
744 1922 1008 1961 possessionibus,
1034 1932 1130 1962 snper
1147 1922 1262 1963 quibus
1287 1922 1421 1953 fecerint
1446 1923 1544 1953 iustas
1569 1923 1784 1964 probationes
1809 1927 1931 1965 ponant
1955 1928 1988 1956 et

334 1970 483 2001 inducant
507 1973 696 2002 auctoritate
720 1979 827 2003 nostra
853 1974 882 2003 in
908 1985 1050 2013 vacuam,
1076 1974 1210 2004 liberam
1236 1978 1267 2004 et
1292 1974 1478 2015 expeditam
1498 1976 1732 2016 possessionem
1758 1980 1790 2006 et
1812 1977 1843 2007 in
1868 1980 1987 2008 statum

335 2023 497 2062 pristimnn
531 2025 597 2064 ipso
624 2025 722 2063 sacto,
755 2030 848 2065 prout
872 2030 946 2056 ante
973 2034 1072 2056 erant.
1119 2026 1156 2056 In
1181 2026 1294 2066 quibus
1319 2026 1471 2067 predictis
1495 2027 1642 2057 omnibus
1674 2032 1707 2058 et
1730 2028 1987 2069 dependentibus

334 2086 372 2104 ex
399 2075 518 2105 eisdem
538 2075 663 2116 plenam
691 2083 721 2106 et
739 2077 872 2107 liberam
899 2077 1018 2108 eisdem
1045 2078 1250 2108 com-edimus
1269 2082 1475 2118 potestatem.
1500 2078 1666 2109 arbitrium
1693 2083 1725 2109 et
1748 2081 1986 2119 auctoritatem,

333 2127 443 2165 quavis
467 2127 691 2167 solempnitate
716 2129 765 2158 vel
791 2129 1071 2170 solempnitatibus
1097 2130 1171 2159 iuris
1197 2130 1330 2160 omissis.
1379 2132 1423 2169 (23)
1449 2130 1605 2161 Volumus
1633 2136 1760 2170 autem,
1791 2132 1877 2173 quod
1910 2132 1986 2163 dicti

337 2178 505 2208 Bassianus
530 2187 561 2208 et
589 2179 745 2210 lohannes
777 2181 805 2211 in
832 2181 983 2221 predictis
1015 2188 1045 2211 ct
1072 2182 1153 2211 circa
1179 2181 1323 2222 predicta
1348 2186 1381 2212 et
1405 2181 1662 2223 dependentibus
1687 2194 1727 2213 ex
1753 2183 1875 2214 eisdem
1900 2195 1986 2215 sum·

334 2231 432 2259 marie
457 2231 633 2270 procedant
661 2239 692 2261 et
716 2232 892 2272 procedere
918 2233 1038 2273 possint
1068 2238 1098 2263 et
1124 2233 1264 2263 debeant.
1292 2233 1413 2274 absque
1439 2234 1562 2266 libello.
1597 2234 1637 2265 (le
1662 2235 1757 2276 plano
1789 2242 1821 2266 ct
1845 2235 1986 2267 breviter

334 2289 364 2310 et
390 2282 454 2311 sine
480 2283 612 2322 strepitu
639 2287 670 2314 et
687 2285 784 2323 figura
813 2284 914 2315 iuditii
940 2292 971 2314 et
996 2296 1053 2324 per
1077 2295 1203 2315 omnem
1231 2285 1360 2315 modum
1387 2290 1417 2315 et
1443 2286 1535 2319 viam,
1561 2297 1619 2327 per
1635 2297 1731 2327 quem
1756 2290 1789 2318 et
1805 2298 1900 2329 quam
1924 2287 1985 2319 sibi

334 2333 446 2362 melius
471 2338 502 2363 et
527 2335 662 2365 celerius
680 2335 841 2366 ridebitur
866 2348 958 2377 posse
983 2337 1061 2368 fieri.
1086 2336 1126 2366 ad
1152 2337 1375 2366 executionem
1402 2338 1541 2368 omnium
1560 2337 1777 2378 predictorum
1800 2350 1857 2380 pro
1875 2339 1985 2371 favore

335 2385 541 2424 -poliatonnn
574 2394 605 2415 et
636 2387 900 2420 e‹›nti-adietores.
932 2388 1157 2418 inobedientes
1188 2397 1219 2418 et
1250 2388 1388 2418 rebelles
1413 2390 1524 2429 pnniro
1555 2393 1586 2419 et
1611 2389 1783 2421 cohercere
1807 2391 1930 2432 possint
1953 2394 1986 2422 et

334 2435 567 2476 vondenipnare
594 2444 624 2467 et
650 2450 747 2479 penas
775 2440 896 2470 eisdem
922 2441 1087 2481 imponere
1113 2444 1144 2470 et
1168 2441 1254 2480 ipsos
1282 2440 1453 2474 mulctare,
1479 2441 1654 2472 seeundum
1683 2442 1768 2483 quod
1797 2443 1856 2473 sibi
1888 2443 1985 2484 ipsisd

334 2487 445 2517 melius
480 2488 638 2519 videbitur
674 2491 864 2522 l'aeiendum.
927 2494 972 2531 (l)
1008 2491 1196 2523 Mandantes
1229 2492 1318 2521 vobis
1353 2501 1385 2522 et
1420 2497 1559 2523 vestrum
1594 2494 1739 2533 cuilibet,
1770 2495 1919 2536 quatinus
1953 2496 1984 2526 in

335 2538 484 2578 predis-tis
520 2542 679 2573 omnibns.
717 2549 809 2583 prout
841 2544 929 2574 vobis
962 2543 1037 2574 dicti
1070 2544 1237 2574 Bassianus
1273 2549 1304 2573 et
1337 2544 1495 2574 lohannes
1527 2545 1666 2576 dixerint
1699 2557 1756 2587 pro
1792 2547 1984 2578 executione

335 2589 548 2629 prr-dictorum
575 2595 712 2624 omnium
739 2595 949 2627 t'a‹·iendum‘'.
976 2596 1115 2636 pareatis
1140 2603 1171 2625 et
1197 2595 1372 2625 efficaciter
1397 2596 1577 2627 intendatis.
1626 2597 1749 2632 Quibus
1772 2598 1804 2628 in
1831 2598 1985 2639 predictis

335 2641 478 2671 omnibns·
497 2651 524 2671 et
550 2643 805 2684 dependentibus
824 2658 862 2677 ex
882 2648 1044 2687 premissis
1061 2647 1289 2677 committiinns
1307 2647 1391 2677 vices
1409 2656 1543 2680 nostras.
1570 2649 1696 2679 reiectis
1714 2650 1984 2690 excusationibus,

439 2727 500 2754 7:15.
522 2734 531 2745 ss
565 2731 700 2755 mobilibus
724 2733 742 2756 l,
764 2735 786 2757 2,
877 2733 889 2749 ¹>
921 2741 943 2759 ct
965 2735 1031 2757 flers!
1052 2735 1073 2758 1.
1164 2739 1185 2753 (κ
1207 2734 1310 2757 durnint·
1330 2734 1353 2758 2.
1377 2734 1410 2757 Μ.
1501 2733 1525 2757 ⁴¹}
1545 2735 1612 2759 dccst
1631 2735 1654 2760 2.
1743 2735 1766 2765 θ)
1786 2737 1903 2762 facienda
1923 2737 1945 2763 1.
1958 2736 1983 2763 2.

439 2797 446 2821 l
484 2797 522 2826 ΙἸΪ
546 2806 624 2828 *ulmi
647 2807 685 2824 nr.
702 2804 756 2825 4527.
845 2803 871 2826 ζ’)
893 2805 967 2834 (juvn-
987 2805 1101 2827 serratus
1130 2810 1181 2826 1:011
1207 2804 1276 2826 s1me.
1315 2801 1365 2825 Sal
1384 2804 1418 2833 (γ’,
1438 2802 1604 2827 Alium-einum
1627 2803 1779 2830 thssatum
1798 2804 1814 2831 Ῑ.
1832 2812 1854 2831 c.
1875 2804 1912 2837 X,
1923 2807 1980 2831 373.

2011 749 2036 768 10

2011 1007 2034 1026 15

2008 1523 2032 1543 25

2005 2041 2030 2060 ³5

2002 2300 2028 2319 ⁴0
