2102 3177
549 200 702 226 SCRIPTA
724 200 844 228 VARIA.
883 202 956 227 1:513.
994 200 1041 226 ΝΥ,
1058 201 1239 227 12:34—1‘23T.
1644 203 1721 233 1297

68 297 142 318 vere
168 290 200 318 et
222 286 418 317 annichilare
443 297 610 327 processus
635 298 692 328 per
709 289 830 318 curiam
846 288 1048 329 imperialem
1066 288 1167 318 factos
1184 291 1294 318 contra
1311 289 1472 318 civitatem
1499 291 1530 319 et
1555 299 1723 319 commune

68 339 202 370 Tarvisii
226 342 258 369 et
282 339 367 369 cives
391 339 469 373 eius,
494 349 566 369 cum
591 349 704 370 revera
728 340 940 381 inculpabiles
958 341 1124 371 extiterint
1147 340 1187 370 ‹lc
1212 339 1395 370 criminibus
1419 344 1451 370 et
1475 340 1576 380 culpis
1601 339 1722 371 eisdem

68 391 224 432 impositis
248 394 280 421 et
295 390 402 421 illatis.
442 389 483 420 Et
499 391 695 431 generaliter
718 391 759 422 ad
785 393 891 422 onmia
915 393 978 422 alia
1003 390 1237 433 [facie111l11111]'·,
1264 402 1325 432 que
1350 392 1381 421 in
1407 392 1557 432 predic-tis
1584 396 1615 422 ct
1639 393 1723 423 circa

68 443 211 485 predicta
234 442 352 473 fuerint
366 442 515 473 facienda
532 453 589 473 seu
606 444 797 479 necessaria,
816 444 903 474 utilia
923 449 955 474 et
972 447 1161 484 opportuna,
1188 447 1219 474 et
1236 443 1277 473 ad
1294 443 1551 474 substituendum
1570 454 1665 474 unum
1692 448 1723 475 et

37 506 48 525 ⁵
68 495 175 536 plures
192 494 349 535 syndicos⁷
374 498 598 535 procuratores
623 499 655 525 et
671 498 797 525 actores
821 495 861 525 ad
878 495 1061 526 faciendum
1079 496 1186 525 onmia
1210 498 1243 525 et
1266 495 1404 535 singula,
1429 505 1491 536 que
1517 496 1546 525 in
1572 495 1724 536 predictis

68 551 100 578 et
123 547 206 578 circa
229 546 375 587 predicta
399 546 517 577 fuerint
542 546 699 577 facienda.
740 546 971 577 Promittentes
996 547 1111 588 prefati
1136 547 1273 577 vicarius
1297 551 1329 577 et
1353 547 1523 577 consiliarii
1549 547 1723 588 supradicti

67 598 162 630 michi
195 598 318 629 notario
349 597 551 639 infrascripto
581 599 748 639 recipienti
777 610 834 639 pro
865 599 1079 629 sacratissimo
1104 599 1322 629 Romanorum
1352 599 1548 639 imperatore
1576 599 1667 630 firma
1692 603 1723 630 et

67 654 136 682 rata
159 650 280 681 habere
310 653 342 680 et
369 653 480 680 tenere
510 651 617 680 onmia
646 653 678 681 et
706 651 831 691 singula
861 651 1045 691 supradicta
1075 655 1107 681 et
1139 650 1306 691 quodlibet
1333 650 1549 691 predictorum
1581 654 1613 681 et
1636 650 1723 681 nullo

68 707 213 743 tempore
237 702 474 741 contravenire,
508 706 540 733 et
565 701 719 743 quidquid
748 713 807 743 per
830 703 993 743 predictos
1023 702 1170 743 syndicus
1199 713 1255 733 seu
1285 703 1421 733 alterum
1452 713 1562 733 eorum
1592 703 1642 733 vel
1666 713 1724 743 per

26 765 49 785 ιο
68 754 271 785 substitutum
296 764 352 784 seu
376 754 564 785 substitutos
588 755 708 785 factum
734 754 830 785 fuerit
854 759 951 796 atque
977 761 1116 795 gestulii,
1146 754 1204 785 sub
1230 754 1412 795 hypotheca
1436 765 1541 785 reruni
1567 758 1598 785 et
1623 755 1722 785 bono—

68 817 136 837 rum
160 805 237 836 dicti
261 806 404 837 comunis
428 805 574 837 Tarvisii.

173 857 371 897 (Sequuntur
393 859 522 889 nomina
545 858 596 888 hic
619 859 760 897 omissa)

173 911 291 941 Actum
316 910 451 941 Tarvisii
475 910 507 940 in
530 910 651 951 palatio
676 910 829 941 comunis.

172 961 242 1003 Ego
267 961 385 992 Petrus
409 962 536 992 Viviani
561 961 601 992 de
626 961 821 992 Padernello
846 963 927 992 sacri
952 962 1063 1002 palatii
1088 963 1229 993 notarius
1255 962 1330 992 dicti
1355 962 1474 992 domini
1499 962 1668 1002 potestatis
1692 969 1724 993 et

25 1024 49 1043 ¹5
68 1014 211 1045 officialis
241 1014 385 1044 comunis
416 1013 552 1044 Tervisii
582 1014 622 1045 de
651 1014 816 1044 voluntate
846 1018 878 1045 et
908 1014 1061 1045 mandato
1091 1014 1346 1055 suprzulictorum
1383 1013 1584 1044 dominorum
1614 1014 1723 1044 vicarii

69 1066 185 1097 domini
210 1066 394 1107 potestatis,
419 1066 637 1107 predictorum
661 1067 879 1105 antianorum,
905 1065 1084 1103 consulum,
1110 1066 1311 1096 dominorum
1337 1066 1376 1096 de
1400 1065 1577 1100 maleficiis,
1602 1065 1722 1106 gastal-

68 1118 196 1149 dionum
221 1121 254 1149 et
277 1117 615 1159 supragastaldionum
639 1119 799 1149 scolarum
825 1117 934 1159 populi
960 1118 1100 1148 civitatis
1125 1119 1277 1157 Tei-visst,
1303 1118 1424 1148 consilii
1451 1120 1665 1148 trecentorum
1691 1122 1723 1148 et

68 1169 347 1212 superadditorum
371 1169 456 1200 dicto
482 1170 613 1201 consilio
638 1169 767 1200 interfui
793 1173 825 1200 et
848 1170 969 1210 scripsi.

286 1315 385 1348 1236.
419 1317 662 1349 LITTERAE
681 1317 718 1348 N
722 1316 975 1349 UNTJORUM
995 1316 1329 1348 JMPERATORJS.
1375 1318 1457 1356 Any.
1475 1318 1504 1346 3.

26 1396 51 1417 2⁰
174 1387 256 1419 Item
271 1397 347 1427 paq.
364 1389 406 1418 31
429 1398 501 1418 cum
523 1390 614 1418 nota:
644 1386 845 1427 ίΙλονῐῃίηαῖιῑ
875 1387 906 1417 in
930 1386 1128 1417 Bombaeina
1155 1387 1184 1416 .ςὶ
1207 1397 1353 1417 conserua
1377 1396 1524 1425 appresso
1548 1385 1571 1416 li
1595 1386 1723 1424 Siymorzl

69 1438 129 1470 Del
147 1439 263 1472 Corno'
286 1440 341 1473 (=
362 1439 452 1470 Verci
475 1439 494 1470 l.
511 1450 536 1470 c.
561 1439 614 1476 VI,
627 1439 670 1470 2⁴2
693 1450 742 1470 nr.
756 1440 843 1473 588).
891 1439 1134 1477 Inscriptiamm
1153 1438 1321 1477 praebent.-
1346 1437 1516 1468 Nobilibus
1534 1440 1565 1468 et
1582 1437 1721 1478 pruden—

69 1490 151 1522 tibus
174 1492 249 1522 viris
273 1491 410 1522 dominis
425 1491 593 1522 Bernardo
616 1491 655 1522 (le
673 1491 800 1522 Cornuo
818 1491 970 1532 potestati
996 1494 1028 1521 et
1052 1490 1192 1521 ancianis
1210 1491 1353 1521 comunis
1370 1489 1514 1520 Tarvisii.
1558 1489 1605 1526 Cf.
1623 1499 1722 1528 supra

63 1553 135 1583 paq.
152 1543 236 1574 1033
258 1545 320 1574 not.
338 1545 366 1574 1.
1431 1540 1483 1577 (P.
1508 1541 1614 1577 deest.)

173 1637 343 1669 Nobilibus
374 1641 407 1669 et
434 1637 645 1679 prudentibus
674 1638 749 1668 viris
782 1637 918 1668 dominis
942 1637 1108 1667 Bernardo
1138 1636 1177 1667 de
1202 1636 1328 1667 Cornuo
1354 1637 1506 1678 potestati
1531 1635 1665 1666 Tarvisii
1691 1639 1723 1666 ot

27 1703 51 1722 25
70 1691 208 1722 ancianis
231 1691 368 1722 civitatis
385 1690 530 1721 eiusdem
597 1689 785 1721 Dominicus
810 1689 849 1720 de
866 1688 1068 1731 Dugn[e)·]o⁸
1093 1689 1185 1719 miles
1210 1695 1242 1719 et
1259 1689 1426 1719 Milancius
1451 1688 1490 1718 de
1508 1688 1608 1718 Loiab
1626 1687 1722 1718 iudex

68 1743 242 1784 imperialis
265 1742 411 1773 culminis
435 1743 534 1783 legati
602 1742 739 1773 salutem
765 1745 798 1773 et
821 1752 854 1772 se
880 1742 966 1782 ipsos
990 1741 1031 1772 ad
1057 1742 1163 1771 onmia
1188 1741 1393 1781 beneplacita
1417 1744 1652 1781 promptuosos.

173 1794 245 1826 Non
262 1795 329 1826 sine
346 1794 559 1826 admiratione
576 1795 786 1835 persistimus,
808 1794 882 1834 quia
900 1793 975 1824 dum
992 1792 1197 1834 Io[h]annein
1222 1793 1262 1823 <lc
1279 1792 1426 1823 Zordano
1444 1793 1601 1823 notarium
1620 1793 1721 1822 civem

69 1849 101 1877 et
123 1846 377 1877 ambaxiatorem
402 1850 543 1877 vestrum
567 1846 608 1877 ad
631 1857 688 1877 nos
713 1846 951 1877 transmiseritis
975 1856 1046 1876 cum
1070 1845 1185 1875 litteris
1209 1845 1335 1881 vestris,
1362 1845 1411 1874 cui
1436 1854 1476 1875 ex
1501 1848 1592 1885 parte
1616 1847 1722 1874 vestra

68 1898 266 1930 debebamus
290 1898 409 1930 habere.
431 1898 507 1930 fidei
530 1898 813 1940 complementum,
838 1899 1016 1929 remisimus
1041 1908 1113 1928 eum
1138 1897 1179 1927 ad
1203 1907 1259 1927 vos
1282 1896 1487 1927 informatum
1513 1906 1584 1926 cuin
1608 1896 1722 1926 litteris

27 1960 163 1991 wsuper
186 1951 269 1981 omni
295 1961 349 1991 eo,
381 1950 468 1991 quod
498 1950 590 1981 nobis
622 1951 723 1981 visum
758 1951 855 1981 fuerit
890 1950 1044 1990 expedire
1081 1960 1137 1989 pro
1173 1948 1380 1989 expeditione
1417 1948 1581 1978 fidelitatis
1615 1952 1721 1978 vestre

68 2001 214 2033 facienda
241 2003 377 2044 principi
401 2001 574 2033 antedicto.
622 2002 683 2038 Qui
707 2006 814 2033 vester
842 2001 1045 2033 ambaxiator
1076 2000 1166 2031 nobis
1191 2001 1350 2041 promisit,
1381 1999 1467 2041 quod
1492 2000 1521 2029 ei
1546 1999 1720 2029 iniunctum

68 2053 171 2086 fuerat
186 2054 395 2085 incontinenti
411 2054 549 2086 feliciter
566 2054 722 2096 expedire
748 2057 780 2085 et
803 2054 844 2084 ad
861 2064 918 2084 nos
935 2054 1174 2094 responsionem
1193 2052 1369 2093 plenariam
1387 2055 1562 2092 reportare.
1599 2051 1720 2081 Verum

68 2108 174 2137 tamen
197 2105 337 2138 nondum
362 2106 459 2138 rediit
483 2111 515 2138 et
538 2107 596 2138 sub
622 2107 847 2148 expectatione
872 2106 1081 2146 persistimus,
1129 2105 1235 2140 Quare
1259 2103 1481 2134 Frissintinum
1506 2104 1664 2133 notarium
1689 2106 1720 2133 et

69 2156 192 2188 Sclata⁰
215 2157 391 2189 familiares
419 2161 451 2189 et
481 2159 613 2190 nuncios
641 2162 766 2189 nostros
794 2157 835 2188 ad
860 2168 915 2187 vos
944 2156 1204 2194 transmittimus,
1236 2155 1351 2196 quibus
1387 2165 1483 2195 super
1510 2154 1662 2195 predictis
1688 2157 1720 2184 ct

27 2219 52 2239 ³5
68 2209 267 2241 relaxatione
295 2210 507 2251 quorumdam
538 2211 739 2250 nunciorum,
773 2210 826 2250 qui
858 2208 1031 2240 veniebant
1061 2208 1102 2238 ad
1131 2219 1202 2243 nos,
1233 2207 1330 2237 Tonsi
1360 2206 1511 2237 videlicet
1542 2210 1573 2235 ct
1604 2205 1720 2243 Rubei,

70 2259 248 2292 adhibeatis
277 2261 394 2293 fiducie
430 2263 710 2304 complementum.
766 2261 817 2292 Sic
850 2272 905 2291 vos
938 2264 1087 2302 gerentes
1120 2270 1217 2300 super
1249 2258 1415 2299 predictis.
1449 2258 1530 2287 sicut
1560 2257 1600 2287 de
1631 2256 1721 2287 vobis

71 2313 227 2344 credimus
257 2317 290 2344 et
318 2325 494 2355 speramus.
545 2314 588 2345 Et
618 2315 703 2355 ipsos
735 2317 860 2344 nostros
890 2313 1022 2343 nuncios
1050 2311 1142 2342 vobis
1171 2311 1299 2351 placeat
1331 2310 1428 2340 nostri
1460 2309 1577 2339 amoris
1606 2309 1721 2339 intuitu

70 2365 216 2397 celeriter
240 2366 405 2407 expedire.

174 2427 248 2459 Dat.
272 2428 429 2467 Venetiis,
454 2427 506 2458 die
530 2428 626 2458 tertio
650 2426 798 2467 Augusti.

30 2571 55 2591 ⁴⁰
180 2564 279 2598 1237.
313 2564 620 2598 PROVISIONES
646 2563 886 2596 CIVITATJS
910 2562 1027 2594 POST
1046 2560 1255 2592 MORTEM
1274 2557 1608 2591 IMPERiTORIS.

776 2615 859 2654 Sept.
879 2616 1012 2645 1.-10.

176 2686 254 2717 Item
271 2697 346 2726 pay.
364 2687 427 2717 17⁴2
443 2689 471 2717 ct
488 2687 549 2717 175
567 2696 603 2717 ea:
620 2685 716 2716 Libro
737 2685 779 2715 ml
801 2695 849 2715 nr.
868 2685 952 2714 1235}
975 2684 1069 2713 citato
1093 2681 1144 2719 sol.
1160 2683 1199 2711 ,233
1221 2683 1249 2711 ct
1270 2682 1310 2709 51]
1333 2682 1389 2719 (=
1412 2679 1500 2710 erci
1524 2678 1542 2709 l.
1561 2690 1584 2709 c.
1610 2678 1662 2716 VI,
1678 2679 1720 2709 26

72 2745 119 2768 ην.
136 2737 221 2777 594).
565 2764 568 2767 ,
1427 2730 1480 2771 (P.
1505 2731 1610 2770 (lowest.)

174 2831 256 2860 1236.
284 2834 307 2866 Β)
327 2835 405 2866 Dugu
419 2853 424 2858 .
437 2854 441 2859 .
456 2843 488 2858 xo
507 2842 527 2858 c.
617 2832 640 2859 b)
662 2833 695 2856 lm
715 2841 734 2856 r.
808 2834 828 2859 cJ
850 2829 934 2855 Sciam
954 2830 1011 2861 (sic)
1032 2831 1056 2853 in
1079 2838 1098 2854 c.

173 2901 210 2919 LL.
229 2901 442 2919 consriwriossss
461 2901 494 2919 iv.
1465 2885 1513 2911 1623
