2101 3182
333 203 406 232 1284
1026 195 1211 221 APPENDIX
1231 195 1277 221 ri.

441 289 482 315 lo.
520 285 599 315 Item
633 283 718 324 quod
748 287 885 313 castrum
917 282 956 312 dc
988 281 1138 321 Granago
1173 283 1334 312 muniatur
1367 292 1423 322 pcr
1458 281 1637 322 prcdictum
1672 281 1839 320 vicarium,
1873 281 1898 312 si
1934 284 1983 312 est

326 338 468 367 comunis
496 337 671 366 l'laeentie.
724 334 757 364 Si
782 344 856 364 vero
886 335 925 363 sit
957 334 1125 372 singularis
1154 343 1289 374 persone
1320 336 1352 363 et
1383 333 1462 363 alias
1491 344 1551 363 non
1577 333 1741 364 consuevit
1765 333 1894 372 muniri,
1919 343 1981 363 non

327 389 486 420 numi-atur
510 399 566 428 per
590 389 691 428 ipsum
710 386 873 423 vicarium,
899 385 956 415 nisi
983 390 1067 415 esset
1092 385 1213 415 utilitas
1238 385 1381 416 comunis
1399 384 1564 415 Placentie
1589 388 1622 414 ct
1643 383 1774 414 consilio
1799 388 1831 414 et
1855 385 1982 415 comuni

327 440 408 470 illius
434 440 570 470 civitatis
595 438 763 469 videbitur.
805 439 874 472 Quo
900 447 975 467 casu
998 437 1159 467 muniatur
1182 447 1240 476 per
1265 436 1443 477 predictum
1470 436 1621 466 vicarium
1646 442 1678 466 et
1702 435 1731 465 in
1757 436 1824 465 cius
1850 435 1980 466 forciam

327 492 501 532 perveniat.

439 545 482 573 17.
520 542 601 572 ltem
636 541 779 581 precepit
810 545 841 569 et
876 540 1013 580 precipit
1045 546 1079 569 ut
1112 549 1223 579 ¹supra.
1259 538 1345 580 quod
1376 539 1532 569 fortalicia
1568 538 1666 579 Burgi
1698 538 1788 568 vallis
1824 537 1915 569 Tarri
1951 542 1983 570 et

325 599 461 625 castrum
488 594 571 634 quod
591 593 753 623 consuevit
779 602 848 621 esse
873 592 902 622 in
927 594 1030 621 castro
1053 591 1195 631 Aquario
1221 594 1253 621 ct
1277 595 1379 622 turres
1396 590 1595 621 l⁴¹lorenzolle
1621 589 1661 621 de
1685 600 1795 620 versus
1815 590 1982 622 Placentie

327 647 532 676 restituantur
557 649 587 675 ct
614 644 867 685 reIeldificcntur
897 647 927 673 et
959 643 1142 673 muniantur
1175 653 1232 683 per
1264 642 1442 683 predictum
1475 643 1638 673 dominum
1664 642 1816 673 vicarium
1849 642 1890 673 ad
1915 644 1983 674 eius

328 698 460 729 liberam
487 697 695 726 voluntatem.
720 696 745 725 si
770 705 904 726 comune
930 698 962 724 et
987 694 1153 724 eonsilium
1179 693 1263 725 dicte
1288 694 1428 724 civitatis
1453 694 1618 725 l'lacentie
1643 694 1694 724 vel
1717 694 1820 724 maior
1843 704 1918 734 pars
1942 693 1982 725 de

327 751 385 781 hoe
410 762 442 779 se
468 747 729 778 eom-ordavcrint
756 750 788 777 et
813 747 870 777 boc
896 747 964 777 ficri
990 746 1105 776 volent.

437 804 481 831 ts.
518 800 599 830 Item
626 799 770 839 precepit
795 801 854 828 etc.
880 801 914 828 ut
938 808 1049 838 supra*
1075 797 1161 838 quod
1185 802 1325 828 castrum
1351 798 1390 828 de
1415 798 1551 829 Fombio
1575 799 1737 828 muniatur
1759 808 1818 839 per
1842 797 1982 828 dictum5

326 853 487 883 dominum
514 851 664 882 vicarium
690 850 840 891 expensis
870 850 946 880 dicti
970 850 1113 880 comunis
1144 852 1175 879 et
1205 850 1234 880 in
1260 850 1404 881 eiusdem
1431 850 1537 881 vicarii
1562 850 1689 880 fortiam
1714 850 1881 891 perveniat
1905 849 1983 880 illud

325 909 473 937 castrum,
498 904 521 932 si
548 902 678 932 consilio
704 907 735 933 et
760 902 885 932 comuni
912 901 996 932 dicte
1022 901 1160 931 civitatis
1184 901 1345 932 videbitur
1370 903 1550 932 convenire.

439 962 482 989 19.
523 958 603 988 item
620 958 766 998 precepit
784 962 842 988 etc.
868 961 902 988 ut
926 968 1032 998 supra.
1058 957 1143 998 quod
1162 961 1301 988 castrum
1319 957 1543 988 Garmimiani‘
1568 962 1599 988 ct
1624 961 1707 988 terra
1733 957 1772 988 de
1793 956 1983 988 Strenolano

327 1013 354 1042 iu
391 1022 427 1041 eo
458 1014 557 1042 statu.
590 1011 619 1040 in
652 1020 714 1050 quo
748 1015 839 1040 crant
870 1012 1030 1050 tempore.
1062 1020 1124 1050 quo
1155 1020 1228 1050 pars
1261 1009 1336 1040 dicti
1366 1009 1486 1040 domini
1512 1009 1658 1040 l‘bertini
1687 1009 1852 1040 intraverit
1882 1008 1984 1040 dictas

326 1068 435 1097 terras,
454 1063 733 1102 derelinquanturz
764 1065 796 1091 et
813 1061 999 1092 (limitantur
1020 1061 1081 1091 illis
1100 1072 1234 1102 quorum
1254 1066 1329 1092 sunt
1347 1071 1402 1102 per
1419 1061 1598 1102 predictum
1616 1061 1778 1092 dominum
1792 1059 1983 1091 Ubertinum

325 1119 356 1145 et
383 1114 452 1145 illos
477 1114 516 1144 de
542 1116 631 1154 parte
657 1124 711 1143 sua
737 1113 818 1143 infra
847 1113 960 1143 decem
986 1112 1064 1145 dies.
1089 1118 1259 1154 postquam
1285 1114 1450 1144 intraverit
1474 1113 1647 1144 civitatem.

434 1173 483 1201 2⁴».
520 1170 601 1200 Item
626 1169 771 1209 precepit
800 1172 831 1199 et
855 1169 992 1210 precipit
1019 1172 1051 1199 ct
1077 1169 1251 1199 arbitratus
1276 1173 1307 1199 ct
1331 1169 1613 1200 arbitramentatus
1642 1168 1701 1199 fuit
1733 1172 1792 1198 etc.
1822 1172 1857 1198 ut
1879 1178 1984 1209 supra.

326 1222 411 1263 quod
441 1221 517 1252 illud
544 1224 681 1251 castrum
712 1230 767 1251 seu
797 1231 871 1261 pars
896 1220 979 1250 illius
1003 1220 1114 1256 castri¹¹
1140 1220 1224 1261 quod
1252 1220 1366 1251 dieitur
1390 1221 1515 1251 noviter
1543 1230 1614 1251 esse
1638 1220 1758 1250 factum
1782 1229 1878 1260 super
1900 1223 1985 1250 terra

326 1274 401 1304 dieti
427 1273 544 1303 domini
573 1273 717 1303 L'bertini
744 1283 800 1312 pro
826 1271 1024 1302 deffensione.
1049 1273 1191 1302 comunis
1218 1271 1386 1303 l'lacentie
1412 1276 1444 1302 et
1468 1272 1643 1303 offensione
1667 1271 1835 1303 rebellium
1860 1281 1985 1302 verssus

326 1328 529 1358 cremonam,
556 1325 722 1365 perveniat
747 1328 778 1354 et
795 1325 962 1364 pervenire
981 1323 1101 1354 debeat
1125 1324 1155 1354 in
1173 1334 1266 1364 posse
1291 1327 1323 1354 et
1340 1324 1456 1354 virtute
1475 1324 1549 1354 dicti
1567 1324 1676 1354 vicarii
1701 1327 1733 1354 ct
1749 1322 1835 1364 quod
1852 1323 1985 1354 satisfiat

326 1377 412 1407 dicto
442 1376 570 1406 domino
601 1376 755 1406 Ubertino
786 1386 843 1416 per
876 1386 1011 1406 comune
1042 1375 1208 1406 Placentic
1238 1379 1269 1407 et
1311 1376 1521 1406 extimatione
1555 1375 1638 1405 illius
1666 1380 1750 1406 terre
1786 1379 1818 1406 et
1846 1374 1985 1416 dampno

327 1429 401 1459 dieti
428 1428 546 1459 domini
572 1427 716 1457 Ubertini
743 1428 898 1457 oeaxione
924 1427 1007 1457 illius
1033 1431 1116 1458 terre
1140 1427 1181 1458 ad
1204 1427 1371 1458 arbitrium
1396 1427 1531 1468 predicti
1560 1427 1679 1458 domini
1706 1427 1825 1457 vicarii.

435 1486 484 1514 21.
524 1484 605 1514 ltem
631 1484 767 1524 precipit
791 1486 850 1514 cte.
876 1487 910 1513 ut
933 1494 1044 1524 supra,
1070 1483 1155 1524 quod
1185 1483 1319 1524 predicti
1344 1483 1462 1514 domini
1487 1483 1661 1514 I'bertinus
1690 1486 1723 1514 et
1752 1482 1797 1513 illi
1828 1481 1868 1513 de
1893 1487 1984 1524 parte

327 1546 383 1566 sua
408 1536 579 1565 extrinsiea
604 1535 796 1565 reducantur
826 1539 857 1565 et
883 1535 1013 1565 redduci
1040 1534 1182 1565 debcant
1215 1545 1272 1576 per
1304 1535 1482 1576 predictum
1508 1535 1671 1565 domimun
1702 1534 1822 1565 Galeaz
1851 1535 1880 1565 in
1910 1544 1983 1575 pre·

327 1588 444 1618 dictam
475 1588 637 1617 cix-itatem
663 1587 829 1617 l‘laecntic
859 1587 940 1617 infra
967 1590 1113 1628 quartam
1144 1586 1228 1617 diem
1254 1587 1304 1617 vel
1330 1588 1435 1623 citius,
1468 1588 1491 1616 si
1522 1587 1684 1627 predictus
1712 1587 1848 1617 vicarius
1876 1585 1985 1617 videat

327 1639 413 1680 qnod
438 1640 504 1669 ticri
531 1640 640 1679 possit,
667 1644 836 1679 postquam
862 1649 952 1669 suum
979 1639 1121 1679 regimen
1142 1639 1315 1669 intraverit.
1356 1639 1396 1670 Et
1422 1639 1507 1680 quod
1531 1639 1678 1669 similiter
1701 1649 1812 1669 omnes
1835 1637 1875 1669 de
1900 1637 1983 1669 dicta

329 1694 419 1732 parte
444 1691 518 1721 dicti
545 1690 663 1720 domini
683 1690 829 1721 l'bertini
848 1690 971 1731 expulsi
997 1690 1036 1721 de
1063 1691 1180 1731 burgis.
1207 1690 1284 1721 locis
1309 1694 1340 1721 et
1365 1691 1476 1721 castris
1493 1691 1697 1732 episcopatus
1713 1690 1880 1721 Placentie
1903 1689 1984 1721 infra

329 1743 389 1773 XV
408 1743 486 1774 dies.
513 1747 681 1782 postquam
701 1742 881 1782 predictum
900 1744 1043 1782 regimen
1063 1743 1224 1774 iuraverit.
1250 1753 1308 1783 per
1331 1742 1449 1773 dictum
1469 1742 1631 1773 dominum
1649 1741 1769 1773 Galenz
1793 1741 1986 1773 reducantur

328 1800 358 1825 et
389 1794 495 1824 reduei
531 1794 671 1824 debcant
703 1795 733 1824 in
765 1795 833 1824 cius
864 1795 1000 1834 propriis
1025 1795 1117 1825 bonis
1147 1798 1178 1825 et
1204 1794 1336 1825 iuribus.
1362 1805 1423 1835 que
1449 1794 1603 1825 tenebant
1626 1794 1677 1825 vel
1701 1794 1910 1834 possidebant
1933 1794 1983 1825 vel

328 1846 416 1886 quasi
442 1849 608 1885 temporc²²
633 1845 830 1886 expulsionis
855 1847 1005 1886 ipsorum.

436 1904 484 1932 22.
524 1902 605 1931 Item
636 1902 781 1942 precepit
816 1908 847 1931 et
879 1902 1030 1942 precipit.
1065 1900 1237 1931 arbitratus
1269 1904 1299 1930 et
1331 1900 1613 1931 arbitramcntatus
1643 1900 1715 1933 fuit.
1746 1900 1919 1932 arbitratur
1953 1906 1985 1932 et

327 1954 615 1983 arbitramentatur
632 1953 866 1993 componendo,
892 1953 976 1993 quod
995 1963 1106 1983 onmes
1123 1963 1300 1993 processus,
1326 1952 1428 1982 banna
1455 1956 1488 1982 et
1504 1952 1788 1983 condemnationes
1806 1952 1985 1984 criminales

330 2011 393 2036 tam
412 2006 567 2035 oeaxione
587 2005 845 2039 homicidiorum,
873 2005 1083 2035 robariarum.
1108 2004 1327 2034 incendiorum
1353 2014 1449 2044 quam
1467 2005 1682 2045 cuiuscunque
1699 2004 1829 2035 alterius
1846 2005 1984 2035 criminis·

328 2058 502 2087 oeeaxione
530 2057 602 2087 t‘aeti
628 2061 659 2086 et
687 2057 770 2087 facte
796 2067 852 2087 seu
879 2057 1088 2097 pronunciate
1114 2060 1221 2086 eontra
1248 2056 1427 2096 predictum
1452 2055 1614 2087 dominum
1633 2056 1823 2087 I⁷bcrtinum
1848 2061 1880 2086 ct
1904 2056 1984 2088 illos.

328 2109 378 2148 qui
413 2112 568 2138 steterunt
599 2119 706 2139 seeum
738 2110 766 2138 in
799 2119 913 2148 guerra
940 2108 989 2138 vel
1020 2108 1072 2148 qui
1103 2108 1132 2138 in
1163 2109 1292 2138 civitate
1321 2107 1483 2138 l‘lacentic
1515 2113 1600 2138 stare
1626 2108 1707 2138 nonb
1731 2107 1909 2140 audebant.
1934 2107 1984 2139 vel

328 2160 467 2201 aliquem
503 2160 721 2200 predictorum
752 2172 767 2190 a
803 2168 949 2201 tempore
980 2160 1252 2200 pronum-iationis
1287 2160 1364 2190 eitra
1406 2159 1530 2200 prolate
1570 2171 1627 2200 per
1666 2159 1785 2190 dictum
1821 2159 1983 2190 dominum

328 2213 447 2242 (laleaz
466 2212 658 2253 caslslentur
682 2216 713 2241 et
739 2223 794 2252 pro
823 2213 921 2242 cassis
939 2212 1118 2242 habeantur
1142 2216 1174 2241 ct
1191 2222 1315 2242 exnunc
1341 2222 1396 2242 cos
1421 2217 1452 2241 ct
1477 2222 1532 2242 eas
1556 2215 1587 2241 ct
1612 2221 1649 2242 ea
1667 2210 1798 2253 eas[slat
1822 2216 1854 2242 ct
1873 2211 1984 2245 irritat,

330 2265 372 2293 ita
390 2263 474 2304 quod
500 2263 539 2293 de
559 2263 645 2293 libris
664 2264 808 2293 comunis
829 2264 991 2294 l'laeentic
1011 2263 1162 2293 tolluntur
1186 2267 1217 2293 et
1235 2264 1361 2304 penitus
1379 2263 1546 2293 deleantur
1563 2263 1685 2304 absque
1709 2263 1769 2294 alia
1788 2264 1984 2304 prestatione

330 2316 472 2356 pecunie.

437 2374 486 2401 23.
527 2371 604 2401 {tem
636 2371 781 2411 precepit
810 2377 869 2401 cte.
901 2377 930 2401 nt
968 2382 1079 2411 supra.
1113 2371 1197 2411 quod
1229 2370 1331 2402 banna
1364 2376 1395 2401 ct
1424 2371 1730 2411 condempnationes
1759 2377 1791 2401 et
1818 2381 1984 2411 processus

330 2422 509 2451 criminale>
536 2423 609 2452 data
637 2426 667 2452 et
694 2423 777 2452 faeta
809 2428 839 2452 ct
865 2423 989 2463 prolata
1022 2426 1051 2453 et
1082 2423 1289 2463 pronunciata
1322 2427 1430 2453 eontra
1463 2422 1651 2453 l'bertinum
1684 2422 1724 2453 de
1752 2422 1984 2454 Pallestruellis

330 2476 484 2504 oeaxione
517 2475 669 2506 criminis.
705 2474 789 2515 quod
822 2474 912 2515 [ΜΨ
944 2475 1058 2505 dieitur
1094 2485 1151 2515 per
1184 2486 1254 2505 eum
1295 2475 1352 2505 t'uit
1382 2474 1590 2516 comisls'jluu,
1622 2474 1838 2505 cancellentur
1867 2479 1899 2505 et
1927 2485 1983 2516 pro

331 2526 513 2555 sancelintis
538 2526 716 2555 habeantur
741 2530 772 2555 et
795 2537 918 2556 exnunc
943 2538 978 2556 en
998 2526 1122 2567 easlslat
1148 2534 1179 2556 et
1197 2527 1308 2558 irritat.
1335 2528 1375 2557 ita
1395 2526 1480 2568 quod
1499 2526 1537 2556 de
1556 2526 1643 2557 libris
1660 2527 1801 2557 comunis
1818 2525 1983 2557 Placentic

333 2577 500 2606 deleantur
526 2585 553 2606 et
582 2577 732 2607 tollantur
755 2577 875 2617 absque
902 2578 1006 2619 aliqua
1034 2578 1230 2618 prestatione
1256 2579 1400 2618 pecunie.

439 2636 485 2661 214
527 2633 603 2662 item
631 2634 771 2673 precepit
799 2640 857 2663 ete.
884 2640 915 2663 ut
941 2644 1046 2673 supra.
1073 2633 1157 2673 qnod
1183 2644 1293 2663 ‹unncs
1310 2634 1542 2673 assignationes
1567 2638 1598 2663 et
1623 2632 1768 2663 dationes
1792 2633 1822 2663 in
1846 2632 1982 2664 solutum

332 2685 412 2713 [tete
440 2693 465 2712 et
495 2684 567 2713 date
594 2684 632 2712 de
661 2684 750 2713 bonis
776 2685 991 2724 predictorum
1017 2685 1136 2715 domini
1164 2684 1309 2715 l'lwrtini
1336 2690 1366 2715 et
1391 2684 1531 2715 illorum.
1565 2685 1617 2725 qui
1642 2694 1749 2715 secum
1774 2687 1931 2716 steterunt
1954 2685 1983 2715 in

436 2786 513 2810 1227..
544 2793 551 2808 J
587 2790 696 2819 soluitur
717 2790 846 2813 deminum
870 2790 992 2813 xit-arium
1012 2789 1084 2813 duh-r.
1107 2790 1136 2813 I·'.
1217 2794 1237 2808 'i
1258 2790 1292 2813 „sir-
1312 2790 1341 2813 Ι·“.
1416 2792 1450 2816 Γ)
1470 2790 1706 2821 derelinquerentur
1722 2789 1750 2814 F.
1822 2789 1845 2809 ‘l
1866 2792 1936 2821 parte
1951 2787 1983 2813 F.

331 2829 352 2854 ’Ἴ
372 2836 481 2859 supinus
500 2831 546 2853 ‹lelr
566 2831 589 2851 11'·
603 2832 637 2854 Ut,
663 2832 688 2855 l'.
777 2831 800 2847 ¹¹*
834 2833 898 2856 utres!
923 2832 947 2856 Γ,

2003 758 2026 777 10

2004 1017 2026 1035 15

2003 1541 2026 1560 2⁵

2002 2583 2025 2603 4⁵
