2102 3177
28 750 50 768 10

24 1009 48 1028 15

466 186 629 212 HEINRICI
652 187 709 212 Vll.
730 187 1057 214 ‹2‹1›NST1'1'UT1‹)NES.
1096 190 1169 215 1:312.
1206 190 1252 215 Ni:
1268 190 1325 216 5:31).
1665 198 1724 226 535

73 270 281 302 meditatione
300 272 418 312 vigere.
444 283 477 303 ut
502 274 545 304 sic
562 274 740 315 principum
766 283 797 305 et
822 276 1053 307 collateralium
1078 288 1217 308 suorum.
1243 279 1294 318 qui
1320 289 1381 308 non
1399 279 1499 309 solum
1526 290 1591 311 sua.
1618 292 1726 312 verum

73 323 169 353 etiam
186 329 289 353 semet
306 325 391 365 ipsos
415 326 482 355 eius
500 325 663 366 obsequiis
687 326 885 358 dedicarunt.
911 329 1024 359 merita
1049 328 1144 369 digne
1169 330 1329 370 respiciat.
1356 331 1440 371 quod
1466 332 1524 371 ipsi
1549 344 1609 362 non
1636 333 1726 363 ‹lebi-

73 374 151 405 litati
173 374 291 405 viribus
315 375 356 405 ad
378 376 522 416 predicta
546 379 680 408 servicia
705 379 863 419 intrepide
889 391 921 409 se
946 381 1159 421 promptiores
1185 381 1360 412 exhibeant
1385 389 1415 412 et
1440 382 1491 412 nbi
1518 384 1556 414 de
1575 385 1727 415 exhibitis

71 438 134 458 non
157 427 199 457 sic
225 426 374 458 celeriter
397 429 572 460 satisfactio
598 431 748 471 consequi
764 432 892 471 poterit,
918 433 1154 472 promissiones,
1180 433 1392 474 obligationes
1419 440 1449 464 et
1475 436 1637 465 cautiones
1663 437 1724 467 :ilie

70 479 312 519 subsequantur.
403 481 447 518 (2)
473 480 557 511 Sane
575 481 700 511 noverit
716 492 848 522 presens
866 486 934 513 etas
959 489 991 513 et
1008 485 1113 514 sutura
1130 485 1312 525 posteritas,
1337 486 1421 526 quod
1448 497 1503 515 nos
1521 487 1726 518 attendentes

70 531 167 562 fidem
190 542 317 572 puram,
348 531 553 562 devotionem
578 534 735 564 sinceram
761 538 793 564 et
816 542 907 574 grata
933 536 1080 566 servicia.
1112 547 1173 577 que
1198 537 1391 567 venerabilis
1416 537 1620 568 Baldewinus
1646 540 1723 570 Tre-

70 584 207 614 virorum
224 583 484 625 archiepiscopus
501 586 649 625 princeps
674 594 705 615 et
722 596 894 626 germanus
912 594 1020 617 noster
1037 588 1218 618 carissimus
1243 599 1305 618 non
1322 590 1388 619 sine
1407 591 1531 630 magnis
1547 590 1723 621 laboribus.

69 636 218 678 periculis
235 642 267 666 et
284 636 444 677 expensis.
469 636 583 677 quibus
608 648 641 667 se
659 638 762 677 ipsum
788 646 819 668 et
844 639 1013 669 ecclesiam
1032 639 1265 671 Treverensem
1282 643 1428 681 gravavit
1450 643 1557 672 multis
1575 643 1725 673 oneribus

69 688 260 726 debitorum,
284 687 375 718 nobis
400 695 431 718 et
456 689 591 729 imperio
615 688 755 719 fideliter
779 689 926 720 exhibuit
949 691 1102 721 lias-renus
1127 700 1192 722 tam
1216 693 1247 722 in
1265 693 1433 723 Alamania
1461 705 1555 734 quam
1582 695 1612 724 in
1631 695 1722 725 Italia

69 744 101 772 et
123 741 155 770 in
177 739 265 770 Urbe
290 740 487 770 incessanter
511 740 551 770 ad
577 751 707 781 presens
733 741 866 771 exhibet
891 750 921 771 et
947 743 1100 773 exhibere
1125 745 1243 784 poterit
1268 744 1419 775 devocius
1452 746 1480 775 in
1507 746 1661 778 futurum.
1693 752 1724 777 et

67 791 211 822 volentes
240 790 435 822 liberalitate
466 797 571 822 nostra
603 792 702 832 ipsius
726 803 932 823 remunerare
958 793 1084 825 labores
1117 803 1148 825 et
1178 795 1401 836 indempnitati
1433 808 1488 827 sne
1521 798 1722 839 ecclesieque

67 844 273 874 Treverensis
297 843 518 874 favorabiliter
541 844 725 884 providere,
753 852 788 874 ut
812 845 941 875 inantea
965 846 1056 876 nobis
1082 850 1113 876 et
1138 847 1272 887 imperio
1298 849 1414 878 sorcius
1439 850 1557 880 servire
1584 851 1723 882 valeant.

67 895 108 926 ad
132 895 217 936 quod
240 896 326 936 ipsos
350 896 451 926 teneri
476 896 636 927 volumus.
669 896 775 927 eidem
800 897 1043 938 archiepiscopo
1077 903 1109 928 et
1133 899 1266 929 ecclesie.
1298 910 1353 930 suc
1379 901 1522 941 preditte
1549 901 1719 933 duodecim

66 947 153 978 milia
175 947 328 977 librarum
352 946 554 978 Hallensium
580 947 729 978 duximus
753 948 945 989 largiendas.
994 949 1056 980 Pro
1083 950 1196 990 quibus
1228 951 1323 991 opida
1354 957 1385 982 ct
1419 961 1522 984 castra
1551 962 1657 984 nostra
1690 963 1722 985 et

66 999 205 1040 imperii,
230 998 381 1030 videlicet
398 999 594 1040 Bopardiam
620 1004 652 1030 et
669 1000 857 1039 XVesaliam,
883 1001 943 1031 sibi
968 1011 999 1031 et
1023 1003 1260 1033 successorilnis
1285 1004 1349 1033 suis
1378 1016 1414 1034 ao
1440 1005 1575 1036 ecclesie
1601 1006 1720 1037 Treve-

64 1051 148 1081 rensi
171 1051 362 1081 auctoritate
387 1051 544 1092 imperiali
571 1051 783 1092 obligavimus
817 1061 848 1082 et
882 1060 992 1083 tenore
1029 1055 1223 1094 presentium
1261 1055 1439 1096 obligamus
1473 1057 1526 1087 tali
1563 1058 1657 1088 modo
1690 1068 1722 1089 et

64 1102 175 1142 forma,
201 1102 286 1143 quod
310 1102 395 1133 idem
420 1103 680 1144 archiepiscopus
705 1108 737 1134 et
760 1115 963 1135 successores
987 1106 1034 1135 sui
1056 1105 1199 1146 predicta
1226 1107 1321 1147 opida
1348 1116 1379 1137 et
1404 1118 1506 1138 castra
1533 1119 1663 1140 teneant
1689 1115 1721 1142 et

64 1155 248 1196 possideant
271 1158 303 1185 et
318 1160 514 1196 potestatem
539 1155 724 1186 instituendi
749 1164 782 1186 et
799 1156 993 1187 destituendi
1010 1157 1185 1188 advocatos
1210 1167 1241 1188 et
1265 1159 1344 1189 alios
1370 1160 1523 1190 official-*s
1548 1161 1577 1190 in
1597 1161 1718 1192 eisdem

63 1206 204 1238 habeant
233 1217 269 1238 ac
298 1211 415 1247 sturas,
447 1208 632 1238 exactiones
665 1212 697 1238 et
725 1208 876 1239 collectas
900 1217 965 1239 tam
998 1209 1241 1240 clu-istiauorum
1268 1222 1362 1251 quam
1390 1212 1561 1242 Iudeorum
1596 1223 1719 1244 necnon

63 1258 142 1289 alias
162 1259 318 1290 utilitates
335 1259 492 1290 dictorum
510 1259 679 1300 opidorum
704 1270 761 1291 seu
779 1265 953 1291 castrorum
980 1261 1071 1292 nobis
1097 1262 1173 1292 inibi
1192 1269 1413 1303 competentes
1439 1272 1470 1293 et
1487 1265 1620 1304 imperio
1647 1276 1717 1296 cum

63 1310 208 1341 omnibus
232 1310 353 1341 iuribus
377 1317 409 1342 et
425 1312 626 1352 pertinentiis
644 1312 860 1351 eorumdemss,
886 1313 1048 1353 regalibus
1074 1321 1105 1343 et
1122 1314 1315 1345 vasallorum
1333 1315 1542 1346 fidelitatibus
1561 1319 1716 1357 exceptis.

62 1366 126 1392 tam
152 1362 205 1393 diu
229 1362 382 1404 colligant
406 1366 438 1393 et
462 1364 641 1404 percipiant
671 1374 707 1394 ac
738 1365 768 1394 in
792 1375 866 1395 suas
890 1365 1045 1396 utilitates
1070 1372 1271 1403 c011ve1·tant‚
1306 1366 1406 1397 donec
1432 1367 1489 1397 sibi
1515 1368 1566 1397 vel
1591 1379 1717 1399 succes-

61 1414 184 1444 soribus
213 1415 277 1445 suis
300 1425 359 1455 per
381 1425 439 1445 nos
463 1415 513 1445 vel
538 1426 738 1446 successores
762 1424 887 1447 nostros
916 1417 947 1447 in
976 1417 1111 1458 imperio
1137 1419 1233 1448 fuerit
1257 1418 1296 1449 de
1322 1418 1406 1449 dicta
1432 1421 1566 1460 pecunie
1592 1421 1716 1460 quanti-

61 1466 147 1497 tateb
171 1466 372 1507 integraliter
402 1467 612 1497 satisfactum.
704 1468 749 1507 (3)
776 1468 844 1503 Qua
877 1469 1095 1500 satis-factunm
1130 1469 1273 1500 exhibita
1300 1470 1383 1500 dicta
1420 1471 1513 1511 opida
1550 1481 1582 1501 et
1614 1477 1716 1503 castra

61 1527 132 1548 cum
156 1518 302 1548 omnibus
326 1519 447 1549 iuribus
472 1526 504 1549 et
527 1520 733 1560 pertinenciis
757 1521 830 1551 suis.
856 1521 937 1551 sicut
961 1532 996 1551 ea
1025 1521 1248 1561 obligavimus
1274 1523 1340 1553 sine
1360 1523 1503 1563 ‹pinlibet
1527 1524 1588 1554 alia
1614 1525 1716 1565 impe-

60 1569 171 1600 titione
201 1569 315 1609 debiti,
353 1570 482 1611 dampni
511 1571 562 1601 vel
591 1572 747 1602 interesse
777 1583 813 1602 ac
844 1573 910 1602 sine
946 1574 1159 1614 except-ione.
1196 1574 1428 1615 impedimento
1465 1586 1520 1605 seu
1551 1576 1716 1606 obstaculo

61 1621 204 1662 quolibet
227 1622 268 1652 ad
297 1633 354 1652 nos
385 1626 417 1652 et
440 1624 609 1663 imperium
634 1624 735 1655 libere
760 1628 962 1655 revertantur
986 1634 1017 1655 ct
1042 1626 1101 1666 ipsi
1126 1627 1289 1667 assignare
1314 1627 1405 1657 nobis
1430 1637 1461 1657 et
1487 1628 1620 1668 imperio
1645 1629 1712 1659 sine

60 1673 308 1704 contradictione
327 1674 472 1715 qualibet
495 1682 673 1706 teneantur.
720 1676 889 1718 Perceptis
914 1677 1034 1708 ibidem
1060 1686 1091 1708 et
1108 1679 1323 1719 percipiemlis
1349 1680 1484 1710 interim.
1510 1690 1570 1720 que
1596 1680 1654 1710 sibi
1682 1691 1713 1711 et

61 1725 195 1756 ecclesie
223 1736 279 1757 sue
305 1726 495 1757 Treverensi
520 1727 664 1768 predicte
693 1729 734 1759 ob
760 1729 833 1760 hoc⁴
863 1738 896 1759 ut
921 1729 960 1760 de
987 1731 1062 1770 ipsis
1087 1730 1305 1771 predictorum
1331 1730 1497 1771 opidorum
1530 1739 1561 1761 et
1586 1743 1714 1762 suorum

59 1778 285 1818 pertinentium
310 1778 501 1810 custodiam.
530 1781 749 1811 retent-ionem
780 1786 812 1812 et
836 1781 1058 1812 defensionem
1084 1782 1200 1813 bonam
1233 1788 1264 1813 et
1289 1783 1352 1813 alia
1377 1784 1560 1813 umfessaria
1584 1784 1714 1814 faciant.

59 1829 247 1860 remittimus
271 1834 303 1861 et
320 1830 484 1861 donamus.
510 1831 540 1861 in
557 1838 675 1862 sortem
694 1833 905 1873 principalem
926 1833 1055 1863 minime
1074 1834 1307 1874 computandis.
1399 1838 1443 1867 <ll
1470 1835 1586 1865 Nostre
1605 1840 1713 1865 tamen

58 1881 242 1912 intentionis
270 1882 392 1921 existit,
425 1882 510 1923 quod
542 1888 628 1914 sture
659 1894 715 1914 seu
745 1885 932 1915 exactiones
957 1885 1101 1925 predicte
1127 1886 1319 1926 imponende
1346 1886 1525 1916 (lu-istianis
1551 1895 1581 1917 et
1609 1887 1715 1917 Iudeis

59 1933 226 1975 opidorum
250 1933 466 1974 predictorum
491 1945 659 1974 summam,
685 1946 779 1976 quam
804 1947 861 1966 nos
886 1947 941 1967 seu
966 1937 1066 1967 nostri
1090 1937 1337 1978 predecessores
1362 1939 1589 1969 convenienter
1613 1940 1714 1980 impo-

59 1995 133 2017 nere
161 1987 397 2025 consuevimus,
427 1988 516 2017 annis
544 1988 676 2028 singulis
704 1999 767 2018 non
797 1989 1032 2019 transcendant.
1136 1991 1179 2028 1'5]
1208 1989 1460 2020 Exhaluundanti
1490 1991 1714 2022 nichilominus

58 2047 257 2069 reservamus
279 2037 372 2068 nobis
397 2046 428 2068 et
444 2039 579 2079 imperio
598 2039 823 2070 theoloneum⁰
840 2040 921 2070 Reni
948 2049 979 2071 et
996 2047 1158 2071 monetam
1184 2046 1324 2071 nostram
1349 2042 1379 2070 in
1405 2041 1508 2082 opidis
1527 2045 1712 2073 memoratis

58 2094 90 2121 et
112 2089 196 2131 quod
231 2089 344 2120 eadem
377 2090 471 2131 opida
505 2097 537 2121 et
561 2094 666 2121 castra
690 2102 747 2132 pro
772 2091 864 2122 nobis
897 2096 928 2121 et
956 2093 1091 2133 imperio
1117 2103 1266 2133 guerram
1292 2093 1424 2123 faciant.
1459 2094 1646 2134 cuicumque
1681 2104 1714 2125 et

58 2142 346 2183 quocienscumque
378 2142 585 2173 voluerimus.
617 2143 767 2184 quodque
801 2143 841 2174 ad
867 2144 1044 2185 quamlibet
1077 2145 1319 2185 requisitionem
1352 2154 1491 2174 nostram
1525 2152 1555 2174 et
1587 2146 1711 2186 imperii

57 2192 147 2224 nobis
172 2198 204 2224 et
220 2193 327 2224 eidem
342 2193 478 2234 imperio
503 2195 564 2225 sint
581 2201 727 2235 apperta.
774 2195 1007 2226 Nichilominus
1032 2197 1062 2226 in
1081 2197 1228 2227 omnibus
1253 2197 1322 2226 aliis
1340 2204 1546 2237 preterquam
1565 2198 1711 2237 superius

60 2244 208 2286 obligatis
232 2246 417 2286 specialiter
439 2246 560 2277 iuribus
590 2248 705 2278 nostris
736 2253 768 2279 et
790 2249 916 2289 imperii
941 2260 1068 2290 semper
1092 2250 1196 2279 salvis.
1288 2253 1332 2288 ro·
1358 2249 1443 2279 Nulli
1475 2260 1551 2289 ergo
1584 2251 1710 2281 omnino

19 2295 234 2336 whominum7
266 2298 492 2339 cuiuscumque
523 2303 637 2331 status.
669 2301 902 2340 preeminentie
932 2308 987 2331 aut
1019 2301 1213 2331 condicionis
1243 2301 1374 2331 existat.
1412 2301 1459 2330 vel
1493 2302 1711 2339 ‹·‹nniniitati¹¹,

57 2348 191 2389 collegio
215 2350 281 2380 sive
305 2350 505 2381 universitati
525 2350 621 2381 liceat
638 2351 718 2382 hanc
736 2353 887 2393 paginam
912 2356 1019 2383 nostre
1045 2353 1226 2383 donationis
1251 2362 1282 2382 et
1307 2352 1511 2391 obligationis
1537 2354 1709 2394 infringere

57 2400 107 2431 vel
131 2401 159 2431 ei
183 2411 263 2432 ausu
278 2403 451 2433 temerario
470 2404 639 2434 contraire.
687 2403 719 2434 Si
737 2405 806 2445 quis
828 2412 936 2435 autem
962 2394 1163 2446 etcum-iens
1182 2405 1241 2434 lioc
1258 2408 1451 2444 attemptare
1471 2406 1709 2444 presumpserit.

57 2452 142 2484 mille
155 2463 334 2484 marcarum
348 2455 471 2495 argenti
486 2465 601 2495 penam
616 2456 766 2495 incurrat,
781 2467 914 2497 quarum
929 2457 1087 2487 medietas
1100 2457 1175 2486 fiseo
1190 2460 1307 2486 nostro.
1327 2456 1447 2496 reliqua
1464 2467 1537 2485 vero
1551 2456 1710 2487 medietas·

59 2503 140 2535 dieto
169 2505 410 2547 archiepiscopo
440 2507 489 2537 vel
515 2508 582 2537 eius
606 2508 843 2539 successoribus
867 2509 1056 2549 applicetur.
1152 2509 1183 2538 ln
1210 2509 1298 2538 cuius
1323 2509 1367 2538 rei
1394 2508 1610 2538 testiinonium
1636 2518 1708 2548 prc-

0 2565 42 2587 145
58 2560 163 2588 sentes
186 2557 311 2588 litteras
337 2558 454 2589 exinde
480 2560 636 2590 conscribi
669 2568 700 2590 et
730 2561 909 2591 maiestatis
942 2566 1048 2591 nostre
1074 2561 1177 2601 sigillo
1204 2561 1349 2590 iussimus
1375 2560 1571 2589 1⁷·01nniuniri.

0 2666 2 2705 l

161 2608 357 2641 Dat.R0me
386 2611 417 2641 in
445 2611 587 2643 Miliciis.
620 2612 691 2643 XV.
711 2612 782 2643 Kal.
800 2614 954 2653 Augusti.
991 2612 1162 2642 indictione
1189 2613 1231 2642 X.
1267 2623 1348 2642 anno
1379 2611 1507 2641 Domini
1538 2611 1708 2642 millesimo

58 2660 279 2692 trecentesimo
303 2661 505 2701 duodecimo,
531 2664 621 2703 regni
645 2665 742 2693 nostri
767 2674 849 2694 anno
875 2673 998 2704 quarto.
1024 2664 1148 2704 imperii
1175 2674 1248 2693 vero
1274 2664 1385 2703 primo.

157 2737 222 2764 333.
242 2740 264 2770 ³)
284 2741 422 2766 eorundem
441 2744 464 2765 2.
553 2741 575 2771 b)
595 2744 736 2774 quantitate
757 2744 863 2775 pecunie
883 2744 906 2767 2.
997 2748 1017 2765 θη
1039 2743 1184 2767 tin-lonicum
1205 2742 1227 2766 22.
1318 2741 1341 2771 21)
1362 2750 1451 2765 corinti
1475 2742 1496 2766 l.
1517 2742 1540 2766 2.

1435 2879 1492 2902 103⁴
