2102 3177
29 765 52 783 10

29 1023 49 1041 15

21 1542 45 1561 25

21 1801 45 1818 30

20 2060 43 2078 :³5

19 2318 45 2336 ⁴0

249 201 545 228 SUPPLEMENTUM
565 203 613 228 AD
633 203 797 229 HEINRICI
819 204 922 229 REGIS
942 204 1268 232 CoNsTiTCTstmEs.
1308 208 1380 233 1:312.
1419 208 1465 234 Nr.
1481 209 1553 235 1290.
1652 212 1729 240 1425)

75 292 107 320 et
133 290 189 319 ivit
216 289 257 319 ad
288 289 478 320 morandum
508 290 548 320 ad
578 290 731 321 Sanctum
760 290 935 321 Iohannem
965 291 1005 321 de
1029 292 1202 324 Leterano.
1248 293 1405 324 Dominus
1438 295 1598 326 Iohannes
1629 296 1729 327 frater

74 341 191 372 domini
216 342 299 382 regis
324 341 458 372 Roberti
484 342 635 373 Sanctum
662 346 751 373 tenet
776 343 936 383 Angelum
963 347 994 373 ct
1019 344 1188 375 ecelesiam
1215 344 1321 376 Sancti
1340 346 1428 377 Petri
1453 358 1523 377 cum
1550 347 1671 378 Ursinis
1696 354 1728 378 et

74 392 159 423 illam
183 393 351 423 intendunt
375 393 563 431 defendere,
589 394 673 435 quod
693 395 870 434 imperator
887 396 1031 425 coronari
1057 406 1118 425 non
1143 398 1243 436 possit
1268 398 1296 427 in
1322 398 1375 428 illo
1400 399 1480 429 loco.
1522 398 1563 429 Et
1586 410 1656 430 011111
1682 401 1727 429 cis

72 444 192 475 habent
214 445 389 475 maximam
415 446 628 486 quantitatem
663 447 816 476 bonarum
848 447 995 486 gencium
1022 448 1181 487 equitum.
1205 449 1293 486 [inter
1321 461 1399 490 quos
1428 455 1499 481 sunt
1530 451 1569 481 (10
1595 452 1727 482 vassalis

71 500 174 528 vestre
199 497 377 527 maiestatis
402 497 442 527 de.
468 498 660 538 octingentis
684 509 784 539 usque
809 499 840 528 in
864 498 960 528 inille.
1005 498 1093 529 Unde
1112 500 1250 530 videndo
1269 501 1414 532 dominus
1440 503 1614 542 imperator
1639 504 1725 533 illuni

71 549 175 579 locum
200 549 356 579 munitum
385 552 449 579 tam
476 549 602 580 fortiter
626 560 684 590 per
709 550 871 580 dominum
897 550 1073 581 Iohannem
1101 561 1132 582 et
1157 551 1303 584 Ursinos.
1336 554 1507 594 requixivit
1536 554 1725 589 cardinales,

71 599 155 641 quod
178 600 210 630 in
235 600 353 630 Sancto
380 600 522 630 Iohanne
548 601 587 631 de
613 601 775 631 Leterano
802 612 873 632 011111
900 601 1041 632 debeant
1065 613 1229 633 coronare.
1276 605 1420 645 Legatus
1445 611 1568 644 autem,
1601 607 1653 647 qui
1679 612 1727 637 est

71 652 110 682 de
135 651 195 682 illis
220 653 273 692 qui
298 653 400 692 ipsum
426 662 579 682 coronare
605 652 735 689 debent,
760 653 939 693 respondit,
966 654 1050 694 quod
1076 654 1107 684 id
1132 655 1239 685 facere
1263 667 1324 686 non
1350 660 1457 697 potest
1480 658 1547 687 sine
1572 665 1725 699 precepto

70 703 189 734 domini
213 714 312 744 pape,
343 705 493 744 quoniam
524 708 714 745 preceptum
740 705 838 735 habet
863 716 936 736 011111
962 705 1080 736 debere
1107 718 1261 737 coronare
1286 709 1315 737 in
1341 710 1457 739 Sancto
1483 709 1591 740 Petro.
1632 710 1724 741 Unde

69 756 224 786 miserunt
247 766 344 786 unum
368 755 547 796 legatorem
571 756 612 786 ad
637 767 794 787 summum
820 758 1014 797 pontificem,
1040 759 1064 787 si
1090 758 1196 798 placet
1221 760 1248 789 01
1275 760 1359 800 quod
1385 762 1528 791 coronari
1554 761 1672 792 debeat
1697 763 1725 792 in

70 807 186 838 Sancto
210 807 355 838 Iohanne
379 811 435 838 aut
459 809 489 838 in
515 807 632 838 Sancto
658 808 767 839 Petro.
815 808 856 839 Et
887 809 1061 840 secundum
1092 811 1176 851 quod
1208 822 1349 841 summus
1381 814 1524 852 pontifex
1553 815 1598 844 eis
1623 815 1723 845 mitet.

69 870 102 890 sc
127 859 335 890 continebunt
359 864 391 890 et
415 860 536 890 facient
560 860 600 890 de
625 861 837 891 coronacione
864 861 1020 901 predicta.

177 910 282 942 Guelfi
307 922 383 942 vero
408 913 438 941 in
464 912 593 942 civitate
618 916 727 942 nostra
753 916 785 942 et
810 912 849 943 de
876 917 942 943 tota
967 913 1076 943 Ytalia
1104 915 1301 954 generaliter
1328 920 1399 946 sunt
1426 920 1535 947 contra
1560 917 1722 948 dominum

68 963 310 1004 imperatorem,
341 967 437 1004 prout
468 968 647 994 monstrare
672 968 814 1005 possunt.
862 965 903 995 Et
934 966 959 995 si
990 966 1105 1006 aliquis
1130 965 1266 996 Guelfus
1295 969 1447 998 remansit
1476 969 1506 999 in
1535 969 1723 999 obediencia

69 1014 187 1045 domini
212 1015 426 1056 imperatoris,
451 1015 511 1046 1100
538 1019 586 1046 est
610 1020 743 1056 propter
766 1027 916 1057 magnam
944 1017 1184 1053 dissensionem,
1211 1029 1306 1059 quam
1330 1019 1451 1050 habent
1474 1021 1557 1051 inter
1581 1031 1644 1051 eos.

174 1066 224 1098 De
259 1067 442 1098 civitatibus
467 1067 664 1098 Lumbardie
695 1070 738 1098 sic
771 1072 819 1098 est
848 1069 933 1110 quod
964 1080 1074 1099 omnes
1104 1071 1264 1103 civitates,
1294 1082 1372 1111 quas
1398 1073 1502 1112 posuit
1525 1073 1555 1102 in
1580 1073 1724 1103 custodia

67 1119 240 1149 amicorum
265 1119 402 1159 imperii,
426 1120 517 1150 firme
543 1124 628 1150 stant
652 1124 684 1150 et
708 1124 867 1151 steterunt
891 1132 961 1151 011111
987 1122 1064 1161 ipso.
1106 1124 1226 1152 Omnes
1250 1123 1311 1153 alic
1336 1128 1407 1154 sunt
1432 1130 1540 1155 eontra
1565 1126 1667 1165 ipsum
1693 1132 1723 1154 01

67 1171 97 1201 ei
119 1170 267 1202 rebelles.
315 1171 386 1202 Hec
411 1176 519 1202 autem
545 1179 617 1202 sunt
641 1172 682 1202 ad
709 1173 776 1202 eius
802 1172 1045 1206 obedienciam.
1079 1175 1213 1214 imperia
1243 1179 1275 1205 et
1303 1176 1467 1206 mandata:
1494 1176 1721 1208 Mediolanum.

66 1221 208 1262 Novara,
238 1223 389 1260 Conium,
420 1223 518 1262 Lodi,
548 1223 760 1265 Pergamum,
791 1225 916 1257 Brixia,
942 1225 1128 1264 Placmicia,
1154 1226 1283 1257 Verona
1309 1234 1341 1257 et
1364 1227 1504 1258 Mantua.
1552 1228 1622 1258 Hee
1647 1240 1722 1259 vero

67 1274 173 1315 palam
196 1275 419 1305 inobedientes
445 1276 602 1306 existunt:
628 1275 784 1308 Bononia,
802 1275 930 1311 Parma,
949 1276 1118 1314 Cremona,
1137 1277 1345 1313 Alexandria,
1371 1279 1455 1309 Alba
1480 1284 1511 1310 et
1528 1280 1599 1310 loca
1616 1280 1720 1311 Pede-

66 1327 239 1367 monoium,
266 1330 299 1357 et
322 1331 394 1357 sunt
418 1327 448 1357 in
474 1326 584 1358 favore
609 1327 729 1357 domini
754 1329 838 1368 regis
864 1327 1008 1359 Roberti.
1056 1329 1173 1370 Papia,
1200 1329 1348 1360 Terdona
1374 1334 1405 1361 et
1431 1332 1503 1364 Ast,
1529 1332 1591 1362 iam
1617 1332 1722 1372 plures

67 1377 134 1408 dies
169 1382 254 1415 sunt,
291 1389 354 1409 non
385 1382 545 1409 steterunt
576 1379 616 1409 ad
648 1380 853 1420 imperatoris
886 1381 1046 1411 mandata.
1095 1381 1206 1422 Nuper
1231 1381 1359 1420 dicitur,
1392 1383 1476 1423 quod
1506 1394 1539 1413 se
1565 1383 1723 1414 dederunt

67 1429 194 1460 domino
219 1431 287 1471 regi
311 1430 467 1462 Roberto.
514 1431 634 1472 Magna
658 1431 750 1472 briga
775 1431 902 1462 videtur
926 1444 996 1463 esse
1021 1433 1141 1463 debere
1170 1444 1226 1474 pro
1251 1438 1338 1464 certo
1363 1435 1392 1464 in
1419 1434 1639 1477 L[om]bar(lia
1663 1436 1721 1465 lia«-

67 1485 185 1521 estate,
216 1483 302 1523 quod
326 1482 587 1513 Mediolanenses
612 1485 720 1514 venire
749 1483 918 1515 intendunt
947 1484 987 1514 ad
1013 1495 1144 1525 presens
1168 1485 1208 1515 ad
1234 1485 1465 1516 devastandum
1490 1487 1625 1527 Papiam
1644 1511 1650 1517 .
1669 1513 1674 1517 .
1694 1502 1712 1517 .-

65 1533 150 1575 quod
173 1533 318 1575 predicta
343 1545 459 1575 guerra
484 1535 580 1565 finem
605 1536 757 1576 accipiet,
790 1536 967 1566 secundum
996 1537 1081 1577 quod
1114 1537 1210 1567 fuerit
1234 1539 1316 1568 inter
1340 1538 1517 1579 Papicnses
1542 1544 1574 1569 et
1598 1539 1720 1570 Medio-

63 1585 225 1623 lanenses,
257 1590 289 1616 et
319 1586 504 1627 specialiter
539 1587 716 1618 secundum
746 1588 832 1628 quod
864 1588 983 1618 facient
1015 1588 1162 1619 dominus
1191 1590 1367 1630 imperator
1396 1601 1467 1620 cum
1492 1590 1620 1621 domino
1645 1603 1720 1629 rego

63 1637 204 1668 Roberto
229 1639 259 1668 in
284 1638 403 1673 Roma,
436 1640 508 1679 quia
534 1639 709 1670 secundum
735 1640 831 1670 finem
856 1641 996 1681 ipsorum
1023 1640 1107 1671 facta
1133 1641 1171 1671 de
1197 1643 1289 1671 terris
1314 1642 1510 1672 Lumbardie
1536 1643 1720 1683 procedent.

169 1689 219 1720 De
244 1691 374 1721 civitate
399 1694 521 1721 nostra:
548 1692 578 1721 in
604 1691 794 1722 obediencia
820 1691 939 1722 domini
963 1693 1167 1733 imperatoris
1193 1697 1240 1723 est
1264 1697 1295 1723 et
1327 1694 1356 1723 in
1390 1698 1496 1724 nostra
1521 1695 1649 1724 civitate
1675 1699 1722 1725 cst

63 1741 192 1782 quidam
217 1742 310 1772 miles
335 1742 374 1773 de
393 1753 493 1783 regno
510 1743 682 1774 Alamanie
708 1755 763 1784 pro
790 1745 906 1774 vicario
933 1744 1050 1774 domini
1069 1745 1281 1785 imperatoris,
1307 1746 1359 1785 qni
1378 1746 1558 1776 nominatur
1575 1746 1722 1777 dominus

64 1792 225 1824 Gobertus
256 1794 295 1824 de
328 1796 567 1835 Asperomonte
600 1800 631 1826 et
664 1797 746 1836 regit
777 1797 939 1826 civitaten]
970 1801 1110 1827 nostram
1147 1797 1321 1827 secundum
1354 1798 1601 1828 consuetudines
1636 1802 1719 1829 terre

62 1848 178 1876 nostre.
226 1846 329 1881 Quam
355 1847 576 1878 intencionem
602 1853 715 1888 gentes
740 1849 779 1879 (10
806 1853 891 1879 terra.
915 1849 1069 1882 habeant,
1095 1860 1188 1879 001110
1213 1849 1312 1880 audet
1335 1853 1528 1880 monstrare.
1553 1851 1611 1879 nisi
1636 1850 1720 1890 quod

62 1898 176 1927 sintin
206 1898 399 1929 obediencia
431 1899 550 1929 domini
585 1900 799 1940 imperatoris.
846 1901 947 1931 Nobis
977 1901 1060 1931 enim
1086 1901 1223 1937 videtur,
1255 1901 1339 1942 qnod
1369 1902 1515 1931 dominus
1545 1903 1720 1942 imperator

62 1959 157 1990 super
179 1950 268 1990 gravi
294 1950 486 1981 condicione
511 1957 543 1981 et
568 1962 664 1992 super
693 1953 780 1992 gravi
807 1953 969 1992 posicione
1000 1953 1118 1982 existat
1149 1956 1180 1982 ct
1209 1959 1256 1983 est
1284 1964 1384 1994 prope
1419 1954 1563 1983 inimicos
1591 1965 1664 1983 suos
1688 1961 1719 1984 et

63 2011 171 2032 eorum
196 2003 393 2042 potenciam.
426 2004 479 2043 qui
504 2003 598 2034 valde
624 2008 773 2044 potentes
797 2007 870 2034 sunt
894 2008 925 2034 et
950 2004 1032 2034 bene
1058 2005 1160 2044 parati
1193 2008 1224 2034 et
1253 2005 1292 2034 ‹le
1322 2004 1417 2044 longa
1442 2006 1631 2045 provisione.
1679 2005 1720 2036 Et

63 2052 89 2082 si
112 2051 200 2084 Deus
223 2064 285 2084 non
309 2058 466 2085 monstrat
490 2055 530 2086 de
555 2066 612 2086 sua
630 2057 749 2096 graeia,
775 2057 1069 2088 Δ01011111101131111111,
1095 2067 1164 2086 cuin
1191 2057 1258 2096 ipse
1277 2060 1345 2086 erat
1370 2058 1398 2086 in
1417 2057 1613 2087 Lombardia
1635 2058 1717 2088 circa

61 2104 214 2145 Brixiam,
241 2116 313 2136 01110
339 2108 562 2147 cognoscimus
586 2108 616 2137 in
642 2109 731 2148 gravi
757 2107 943 2138 condicione
969 2109 1117 2138 existere.
1157 2108 1213 2138 Set
1237 2119 1337 2148 usque
1363 2119 1443 2138 nnnc
1468 2109 1559 2138 nobis
1583 2109 1716 2140 videtur.

63 2156 147 2197 quod
172 2156 262 2188 Deus
287 2158 455 2189 visibiliter
485 2160 513 2190 ei
544 2160 658 2190 fecerit
682 2161 767 2190 facta
792 2171 848 2190 sua
881 2164 912 2190 01
937 2159 1063 2200 quando
1096 2160 1192 2190 fuerit
1216 2160 1285 2200 plus
1316 2160 1502 2199 derelictus,
1537 2161 1622 2191 Deus
1647 2162 1717 2201 plus

63 2218 135 2239 eum
159 2209 238 2240 iuvit
263 2235 268 2240 .
289 2233 295 2239 .
314 2235 320 2241 .
341 2235 347 2240 .
395 2210 489 2245 Quod
520 2216 628 2242 autem
659 2212 729 2241 hinc
762 2219 857 2242 antea
892 2212 959 2241 fore
986 2212 1104 2244 valeat,
1138 2213 1330 2252 ignoramus.
1385 2212 1457 2242 Alia
1486 2223 1567 2242 nova
1597 2214 1626 2242 111
1657 2213 1716 2243 hiis

62 2260 205 2300 partibus
228 2272 290 2292 non
316 2263 457 2293 existunt
482 2288 486 2292 .
506 2287 512 2293 .
533 2289 538 2293 .
559 2287 564 2292 .

170 2312 243 2343 Dat.
269 2313 380 2353 Ianue,
407 2314 458 2344 die
483 2315 606 2345 XXVI.
626 2315 733 2345 Α1110111.

168 2364 325 2405 Insuper¹’
350 2373 456 2396 vestra
479 2373 591 2396 noscat
615 2368 785 2398 serenitas.
820 2367 905 2407 quod
936 2368 1038 2397 nuncii
1071 2367 1188 2398 latores
1219 2368 1415 2408 presencium
1443 2367 1562 2397 detenti
1590 2368 1713 2399 fuerunt

62 2415 92 2444 in
118 2416 245 2447 civitate
270 2420 382 2447 nostra
406 2429 465 2459 per
488 2419 692 2458 imperatoris
717 2419 868 2449 vicarium
895 2430 952 2459 per
985 2425 1047 2449 tres
1076 2419 1158 2457 dics,
1191 2419 1351 2449 credendo
1378 2420 1461 2459 ipsos
1493 2420 1559 2449 fore
1585 2421 1715 2450 nuncios

63 2465 181 2497 domini
205 2469 290 2509 regis
314 2468 449 2500 Roberti
474 2474 586 2500 euntes
611 2470 650 2500 ad
669 2470 832 2500 dominum
850 2471 1025 2511 principem
1045 2471 1174 2501 fratrem
1201 2471 1276 2500 eins.
1320 2471 1355 2500 lit
1381 2471 1440 2500 lio(-
1466 2471 1524 2501 fuit
1548 2473 1714 2503 occasione

63 2528 215 2550 novorum
241 2519 280 2550 de
307 2531 416 2551 versus
441 2521 578 2552 Romam
604 2522 643 2552 de
670 2523 738 2562 ipso
764 2522 892 2552 domino
911 2523 1115 2563 imperatrnc.
1141 2533 1202 2563 que
1220 2522 1353 2553 multum
1373 2523 1563 2553 tenebantur
1581 2524 1712 2553 celat·.1¹'.

376 2666 472 2698 1291.
498 2667 575 2707 (787
587 2667 634 2705 b.)
660 2668 865 2698 RELATJO
891 2667 1116 2699 s'Ist'llenl.
1166 2670 1256 2697 1312.
1286 2669 1354 2698 lem.
1374 2670 1401 2698 11'.

169 2725 223 2756 Eae
250 2726 344 2758 CRD
361 2730 467 2758 11677
490 2728 508 2759 l.
526 2741 549 2759 c,
580 2729 603 2765 l,
621 2731 684 2758 307
707 2739 755 2759 ur.
774 2728 846 2758 2015.
894 2728 996 2766 Sisallli
1022 2729 1146 2767 cessissit(
1172 2728 1298 2759 adsum.
1426 2728 1479 2767 (P.
1498 2729 1604 2761 deest.)

166 2828 249 2856 1290·
269 2832 292 2861 ³)
312 2832 414 2856 verbum
437 2833 554 2864 illeyibilc
574 2843 611 2856 or.
702 2832 724 2859 b)
746 2833 967 2864 Insuper—celata
988 2834 1012 2855 in
1033 2833 1122 2855 vidula
1143 2833 1263 2863 spadulae
1283 2841 1383 2855 (ιιιιιω-ιι
1404 2833 1497 2863 scripta
1517 2838 1582 2857 sunt.
