2102 3177
594 181 745 207 sentem
771 182 890 208 vAinA.
930 183 1003 209 1313.
1042 183 1089 209 Ns.
1106 184 1178 209 1223.
1637 189 1714 217 1⁰⁸5

59 276 173 307 guerra
205 266 254 297 vel
285 267 335 307 qui
368 270 451 298 stare
487 278 546 298 non
579 268 741 299 audebant
773 271 801 300 in
832 270 960 300 civitate
990 269 1169 301 I'lacentie.
1198 271 1248 301 vel
1278 272 1411 302 alicuius
1440 283 1550 303 eoi-mn
1582 284 1598 303 a
1630 273 1714 304 dicto

60 322 206 359 tempore
231 318 309 348 citra
327 325 492 349 cassentur
517 323 549 349 et
566 320 730 351 irritentur
754 325 785 351 et
810 331 865 361 pro
884 322 981 351 cassis
1005 329 1038 352 ct
1062 323 1157 352 irritis
1174 322 1363 355 habeantur.
1389 327 1420 353 et
1445 334 1569 354 exnunc
1587 324 1715 367 cas[slat

59 373 91 400 et
114 370 225 400 irritat.

166 423 216 452 25.
250 421 333 452 Item
359 422 521 462 precepit.
553 423 689 464 precipit.
713 428 772 454 etc.
803 431 836 453 ut
864 434 973 464 supra,
1003 424 1089 465 quod
1119 425 1282 465 predictus
1310 426 1456 456 dominus
1483 427 1653 458 [bertinus
1683 432 1715 458 ct

26 482 36 501 ⁵
58 472 192 514 qm'libet
222 472 262 504 de
294 483 351 504 sua
380 477 470 513 parte
504 475 714 506 restituantur
746 482 777 506 et
813 486 935 506 exnunc
968 487 1024 516 pro
1060 477 1214 507 restitutis
1243 477 1422 508 habeantur
1453 479 1482 509 in
1513 480 1712 520 possessione

57 525 198 555 omnium
214 524 370 556 bonorum
389 532 421 555 et
438 525 563 556 iurium.
589 537 651 566 que
677 530 709 557 et
734 538 812 567 quas
831 527 984 558 tenebant
1009 528 1059 558 vel
1077 528 1283 569 possidebant
1307 540 1362 560 seu
1380 531 1489 571 quasic
1506 531 1714 571 possidebant

56 580 201 617 tempore
231 587 292 617 quo
324 576 461 617 predicti
496 577 615 608 domini
648 577 823 609 L‘bertinus
852 582 882 609 et
916 579 957 609 illi
993 579 1032 610 de
1064 591 1120 610 sua
1151 580 1264 621 parted
1294 580 1453 623 ex[ier]int
1481 593 1562 613 nuuc
1594 583 1713 614 dictam

56 627 218 658 civitatem
248 628 415 659 Placentie
446 628 541 659 rebus
572 630 615 660 sic
648 630 843 662 astantibus.
873 632 1018 671 exceptis
1047 633 1230 672 potestariis
1260 637 1292 664 et
1321 633 1530 674 dignitatibus
1558 645 1614 665 seu
1639 646 1713 676 pro-

56 679 247 710 tectionibus
272 684 303 711 et
327 681 478 711 anzianiis
502 684 557 712 aut
582 682 823 722 preeminentiis
852 690 884 713 ct
913 683 1025 713 officiis
1056 685 1198 715 comunis
1224 691 1255 716 et
1279 685 1366 716 salvo
1391 686 1523 717 cuilibet
1547 687 1615 718 iure
1640 698 1712 728 pro-

14 742 38 761 10
55 731 210 772 prietatis

164 785 213 814 26.
244 783 327 815 Item
345 785 491 825 precepit
509 789 568 815 etc.
587 789 621 815 ut
638 795 744 826 supra.
764 786 848 826 quod
867 786 1029 826 predictus
1047 787 1193 818 (lominus
1207 788 1360 820 Albertus
1374 788 1510 820 Schotus
1527 792 1714 822 restituatur

55 835 85 864 in
110 834 257 866 omnibus
274 835 366 866 bonis
391 842 423 867 et
447 836 568 867 iuribus
592 847 651 878 per
676 847 748 868 eum
768 838 932 878 acquisitis
949 839 980 868 in
997 838 1201 870 Zanatarello
1220 844 1251 871 et
1268 842 1336 871 eius
1354 843 1563 882 pertinentiis,
1589 848 1712 883 preter-

56 896 151 926 quam
176 886 217 917 ad
242 892 392 927 castrum.
417 888 669 919 iurisdictionem
696 892 728 919 et
752 890 818 919 iura
845 893 876 919 et
902 891 1111 930 pertinentias
1136 891 1210 922 dicti
1235 894 1339 923 castri.
1387 893 1529 928 Quorum
1547 896 1710 925 examina-

55 938 175 969 tionem
207 945 238 970 et
270 940 486 980 cognitionem
518 941 655 981 precipit
687 940 755 971 fieri
787 945 819 971 et
853 941 1058 972 determinari
1092 953 1150 983 per
1184 944 1362 984 predictum
1396 945 1558 976 dominum
1592 946 1711 977 Gale-az

13 1000 36 1020 ιε»
56 990 207 1021 sicarium
233 1001 304 1022 cum
329 991 460 1022 consilio
486 992 613 1023 illorum
638 993 831 1033 sapientum,
857 1004 936 1034 quos
953 1004 1050 1034 super
1066 994 1125 1024 hoc
1144 995 1271 1026 duxerit
1288 996 1464 1037 eligendos.
1511 998 1710 1029 Remanente

55 1043 256 1083 possessione
282 1051 313 1074 et
338 1044 482 1074 custodia
508 1043 584 1074 dicti
609 1045 703 1075 castri
728 1045 759 1074 in
784 1045 900 1076 virtute
925 1050 957 1075 et
981 1046 1075 1076 fortia
1100 1045 1174 1077 dicti
1200 1046 1319 1078 domini
1343 1048 1585 1090 archicpiscopi,
1610 1049 1711 1081 donec

55 1094 140 1125 dicto
166 1094 294 1126 domino
319 1096 505 1136 imperatori
531 1100 563 1127 et
587 1096 646 1126 sibi
671 1096 838 1137 placuerit.

162 1152 212 1181 27.
248 1151 332 1182 Item
357 1152 502 1193 precepit
527 1156 559 1183 et
583 1152 721 1193 precipit
745 1156 778 1183 et
802 1152 974 1183 arbitratur
999 1163 1054 1184 seu
1078 1153 1250 1185 arbitratus
1281 1159 1313 1185 et
1342 1155 1624 1187 arbitramcntatus
1652 1157 1711 1188 fuit

54 1202 268 1234 amicabiliter
291 1203 533 1244 componendo,
565 1203 651 1244 quod
680 1203 843 1245 predictus
876 1204 1023 1235 dominus
1048 1205 1223 1236 Pber'tinus
1252 1211 1283 1236 et
1312 1209 1363 1248 qui
1390 1208 1525 1238 exiverit
1549 1209 1709 1240 civitatem

11 1264 36 1283 πο
53 1254 220 1286 Placentie
246 1259 391 1296 tempore
417 1255 614 1297 expulsionis
639 1256 738 1296 ipsius
769 1257 868 1297 partis
897 1267 954 1297 per
982 1257 1160 1298 predictam
1189 1264 1315 1299 partem
1344 1263 1375 1289 et
1403 1259 1444 1290 ab
1473 1261 1540 1301 ipso
1566 1264 1709 1302 tempore

54 1307 132 1338 citra
157 1311 188 1338 et
211 1307 270 1347 illi,
297 1306 412 1348 quibus
436 1317 493 1348 per
517 1307 706 1338 intrinsecos
730 1307 945 1348 prohibitume
970 1308 1029 1339 fuit
1052 1309 1136 1340 bona
1160 1319 1217 1340 sua
1240 1310 1398 1351 gaudere.
1424 1314 1456 1341 et
1479 1312 1614 1352 quilibet
1638 1322 1710 1352 pre-

54 1359 210 1390 dictorum
235 1359 442 1390 absolvantur
467 1362 499 1390 et
522 1370 579 1401 pro
605 1359 761 1390 absolutis
785 1360 965 1391 habeantur
989 1360 1029 1392 ab
1055 1361 1202 1392 omnibus
1218 1363 1345 1401 mutuis,
1370 1363 1478 1394 fodris
1503 1363 1608 1394 talleis
1624 1364 1710 1394 aliis-

54 1421 115 1452 que
141 1411 288 1442 omnibus
312 1422 370 1453 per
398 1422 533 1442 comune
558 1411 726 1442 Placentie
758 1411 830 1442 hinc
861 1419 946 1443 retro
982 1413 1139 1454 impositis
1172 1417 1204 1444 et
1232 1424 1250 1445 a
1280 1414 1396 1445 debitis
1427 1417 1598 1447 contractis
1625 1415 1710 1446 dicto

54 1467 209 1505 tempore,
234 1473 296 1504 quo
321 1467 477 1494 steterunt
502 1467 535 1494 et
558 1464 686 1495 stabant
711 1468 801 1494 extra
828 1463 946 1494 dictam
971 1465 1144 1495 civitatem.

11 1526 35 1545 2⁵
162 1521 212 1550 25.
248 1519 332 1550 Item
356 1520 502 1560 precepit
527 1523 558 1550 et
582 1521 729 1562 precipit.
755 1520 929 1552 arbitratur
952 1527 983 1551 et
999 1521 1283 1553 arbim-amentatus
1299 1523 1357 1553 fuit
1374 1523 1610 1554 amichabiliter
1626 1535 1711 1555 com-

52 1571 211 1612 ponendo,
236 1572 321 1613 quod
338 1571 474 1613 predicti
493 1571 639 1602 dominus
656 1571 830 1604 L'bertinns
855 1576 887 1604 et
912 1573 965 1614 qui
982 1584 1053 1604 cum
1079 1584 1116 1604 eo
1135 1575 1293 1605 exiverint
1310 1581 1368 1606 etc.
1390 1578 1424 1605 ut
1441 1586 1546 1616 supra.
1570 1575 1709 1607 habeant

52 1622 237 1654 dilationem
273 1633 332 1654 nec
368 1625 530 1655 conveniri
566 1626 687 1665 possint
719 1636 738 1656 a
772 1625 984 1656 creditoribus
1019 1627 1082 1656 suis
1117 1627 1292 1658 modernis.
1328 1628 1479 1668 cuiusque
1515 1628 1709 1659 condicionis

53 1676 206 1714 existant,
237 1686 339 1717 usque
372 1676 413 1707 ad
443 1676 607 1707 Kalendas
638 1675 828 1718 Septenbris
862 1678 1007 1718 proxime
1039 1679 1203 1708 venientis.
1256 1678 1350 1709 Salvo
1382 1679 1467 1720 quod
1499 1680 1633 1720 quilibet
1669 1680 1708 1711 dc

52 1726 195 1767 predicta
218 1731 310 1768 parte
335 1729 436 1768 possit
466 1728 514 1758 ius
546 1739 637 1759 suum
671 1729 823 1770 consequi
852 1729 882 1759 in
907 1729 1053 1760 omnibus
1078 1729 1150 1759 viisf
1173 1733 1280 1760 contra
1306 1730 1403 1761 alium
1429 1738 1460 1761 et
1484 1732 1566 1762 inter
1590 1742 1645 1762 cos
1670 1732 1709 1762 dc

9 1789 34 1810 ω
50 1778 104 1809 illa
128 1784 221 1820 parte
245 1790 308 1810 non
332 1779 481 1811 vendicet
505 1779 565 1810 sibi
589 1780 694 1811 locum
720 1780 838 1811 dictum
865 1781 1049 1821 capstulum.

159 1836 209 1866 29.
244 1835 326 1866 Item
352 1836 498 1877 precepit
523 1840 584 1867 eto
608 1840 644 1867 ut
667 1848 778 1878 supra,
804 1837 890 1878 quod
915 1837 954 1868 de
980 1841 1087 1868 cetero
1112 1837 1197 1868 nulla
1222 1838 1277 1868 fiat
1302 1839 1458 1869 restitutio
1484 1839 1524 1870 de
1549 1839 1707 1880 aliquibus

52 1886 185 1917 robariis
216 1887 309 1918 factis
340 1898 358 1919 a
390 1891 502 1929 parteg
532 1889 800 1929 pronuntiationis
834 1889 914 1919 citra
946 1879 1081 1929 predicti
1118 1889 1237 1920 domini
1269 1889 1389 1921 Galeaz
1419 1901 1519 1932 usque
1550 1891 1590 1921 ad
1621 1891 1706 1922 diem

52 1939 322 1979 prononciationis
346 1940 430 1970 facte
455 1950 513 1980 per
537 1941 640 1981 ipsum
666 1940 829 1972 dominum
855 1940 1143 1982 archiepiscopum.
1190 1941 1240 1972 De
1271 1941 1331 1972 illis
1361 1952 1435 1972 vero
1467 1942 1614 1975 robariis.
1645 1954 1706 1984 quc

53 1990 136 2022 facte
161 1995 268 2023 essent
295 2002 313 2022 a
338 1996 485 2033 tempore
510 1993 782 2033 prononciationis
812 1993 890 2023 citra
922 1993 1020 2033 ipsius
1052 1993 1172 2023 domini
1202 1993 1448 2034 archiepiscopi.
1480 1995 1546 2034 ipse
1571 1996 1706 2026 vicarius

12 2050 35 2070 ³⁵
54 2041 193 2083 bayliam
217 2043 338 2074 habeat
362 2044 552 2085 inquirendi,
577 2044 784 2085 procedendi,
809 2044 1040 2085 pronunciandi
1066 2050 1096 2075 et
1121 2044 1376 2086 condempnandi
1401 2045 1441 2076 ad
1466 2057 1555 2076 suam
1573 2046 1707 2078 liberant

52 2094 257 2126 voluntatem.
305 2095 375 2131 Que
401 2097 560 2127 restitutio
584 2096 640 2127 fiat
664 2107 721 2137 per
745 2107 841 2127 unam
866 2100 990 2137 partem
1022 2097 1114 2127 alteri
1143 2097 1225 2136 parti
1249 2107 1305 2127 scu
1330 2107 1387 2138 per
1411 2097 1550 2138 aliquem
1575 2099 1622 2129 vel
1648 2099 1704 2129 ali-

53 2156 130 2186 quos
154 2146 194 2177 de
219 2146 312 2177 dictis
335 2147 478 2188 partibus
502 2147 596 2179 alteri
620 2148 703 2189 parti
727 2148 779 2179 vel
803 2148 896 2178 alicui
921 2148 1077 2178 dictarum
1102 2149 1250 2189 partium.

160 2205 209 2234 30.
247 2203 331 2234 Item
355 2204 502 2245 precepit
527 2208 598 2235 etc..
624 2204 710 2245 quod
733 2203 1037 2235 d0111inol'berti110
1063 2203 1102 2234 de
1127 2204 1239 2234 Laudo
1264 2205 1319 2234 tiat
1342 2206 1502 2235 restitutio
1527 2205 1566 2235 ‹lc
1591 2206 1706 2237 ablatis

52 2253 110 2284 sibi
135 2265 193 2295 per
217 2255 379 2286 dominum
404 2256 560 2286 Zaninum
588 2255 742 2287 Schotum
768 2256 899 2286 arbitrio
925 2255 1000 2286 dicti
1025 2256 1144 2287 vicarii.

12 2318 38 2338 ⁴⁰
164 2312 213 2342 31.
249 2311 331 2342 Item
356 2312 504 2352 precepit
529 2316 588 2343 etc.
613 2316 649 2343 ut
672 2322 783 2353 supra.
817 2311 901 2352 quod
927 2312 1097 2342 reservatis
1126 2319 1157 2342 et
1185 2313 1214 2342 in
1245 2322 1299 2342 sua
1330 2312 1479 2343 firmitate
1503 2314 1704 2346 manentibus

53 2361 197 2393 omnibus
230 2362 300 2393 aliis
331 2364 478 2404 capitulis
508 2364 681 2394 summaria
713 2364 794 2394 ratio
826 2364 881 2393 fiat
913 2363 1041 2393 domino
1066 2363 1249 2394 Bernabovi
1281 2364 1319 2394 (10
1343 2364 1455 2395 Laudo
1486 2365 1525 2395 de
1554 2365 1644 2396 bonis
1673 2375 1704 2397 et

52 2412 162 2453 rebus,
197 2424 276 2455 quas
310 2416 424 2445 asserit
452 2415 510 2446 sibi
542 2415 610 2446 fore
643 2415 816 2446 dcrobatas
849 2423 994 2455 tempore
1025 2416 1112 2455 pacis
1143 2416 1172 2445 in
1204 2415 1298 2446 domo
1327 2417 1356 2446 in
1386 2428 1445 2457 qua
1478 2417 1645 2448 habitabat
1674 2419 1702 2449 in

53 2465 180 2496 civitate
209 2465 376 2497 Placentie
404 2477 462 2508 per
493 2468 647 2498 Ottonem
678 2471 709 2497 et
738 2467 985 2498 Bonzanoclnun
1016 2467 1055 2497 ‹lc
1087 2467 1257 2497 Malecosis
1286 2473 1317 2498 ct
1353 2479 1410 2508 per
1440 2469 1594 2508 quosdam
1625 2470 1704 2500 alios

54 2526 162 2548 eorum
186 2518 298 2548 socios.

10 2582 34 2601 ϋ
159 2575 209 2605 32.
245 2574 328 2605 Item
360 2574 437 2605 illud
467 2575 551 2606 idem
581 2576 636 2606 fiat
661 2575 789 2606 domino
815 2575 976 2606 Guilclnio
1007 2574 1045 2605 dc
1075 2574 1227 2615 Septimis
1258 2575 1297 2606 de
1328 2575 1388 2606 illis
1417 2576 1506 2607 bonis
1537 2583 1567 2608 et
1598 2577 1702 2609 rebus.

55 2634 132 2664 quas
156 2624 232 2656 dicit
257 2627 285 2656 ei
310 2626 378 2657 fore
403 2626 577 2658 derobatas
603 2632 634 2658 et
658 2627 783 2658 ablatas
808 2630 953 2667 tempore
979 2627 1065 2667 pacis
1091 2630 1164 2656 ante
1182 2628 1477 2667 pronunciationem
1504 2628 1621 2660 factam
1647 2641 1704 2670 per

53 2676 269 2717 supradictum
299 2677 461 2709 dominum
494 2678 615 2710 Galeaz
645 2686 753 2710 contra
784 2677 1008 2709 Curi-adollutn
1042 2677 1081 2708 (10
1113 2677 1280 2709 Ronchcto
1312 2678 1491 2717 Veneriis),
1529 2680 1701 2712 Iohannem

156 2771 237 2798 1225.
265 2777 288 2803 ⁰)
307 2774 406 2805 quamsi
421 2774 451 2799 F.
524 2773 548 2808 d)
569 2783 671 2800 exnunc
685 2775 796 2806 qunitnr
810 2774 881 2798 (Idci.
901 2774 925 2797 in
940 2775 994 2805 sinc
1008 2773 1089 2797 llum&
1104 2773 1134 2796 l⁴'.
1206 2779 1226 2799 (η
1247 2775 1433 2806 pwliibentinni
1450 2775 1480 2800 F.
1553 2775 1570 2797 sl
1590 2778 1656 2801 vinis
1671 2778 1701 2802 Γ.

52 2813 76 2843 ε’)
99 2814 133 2838 sic
152 2814 184 2839 F.

1739 1690 1797 1714 sept.
1811 1692 1827 1710 ι,
