2102 3177
51 768 75 787 1⁰

49 1025 72 1044 1⁵

46 1549 69 1569 25

37 2325 63 2344 ω

35 2850 60 2869 5⁰

472 208 702 237 MEMORIALIA
724 212 767 238 ET
789 213 1084 244 DISQL’ISITIQNEs.
1123 216 1196 242 1313.
1235 216 1282 242 Nr.
1299 218 1371 243 1231,
1672 224 1749 252 1347

97 302 182 333 papa
206 301 339 324 exercet
362 294 597 326 iuridictionem
622 298 652 328 in
677 301 922 340 temporalibus,
949 306 997 332 est
1020 303 1149 333 racione
1173 303 1296 335 delicti.
1333 311 1365 335 et
1395 305 1454 336 ho(¹
1486 306 1609 338 duobus
1639 309 1753 348 modis⁷

97 344 218 375 scilicet
247 345 297 375 vel
328 355 367 375 ex
397 347 568 378 omissione
599 350 650 380 vel
682 361 722 381 ex
754 353 994 384 coimnissione.
1026 354 1087 384 hiis
1119 355 1202 385 enim
1232 355 1357 386 duobus
1390 357 1509 390 modis.
1547 359 1752 391 obmictcndo

96 396 218 426 scilicet
241 400 274 427 et
292 397 449 428 mittendo
466 405 600 439 possunt
622 404 937 444 pecca1·elu·incipes
963 414 994 435 et
1019 406 1117 436 ceteri
1141 406 1295 438 homines.
1336 408 1495 440 Excercet
1516 411 1625 452 itaque
1649 412 1752 442 domi-

97 458 155 478 nus
182 458 267 488 papa
291 449 533 481 iuridiccionem
563 452 594 482 in
623 454 855 494 temporalibus
879 457 1073 498 quandoque
1105 468 1145 488 ex
1177 459 1362 491 omissione.
1398 468 1433 491 ut
1462 472 1532 492 cum
1563 463 1604 493 ad
1633 474 1751 504 papam

97 499 279 541 appellatur
309 511 393 541 papa
425 501 598 533 deffectum
627 504 741 535 iudicis
770 507 937 539 secularis.
973 509 1099 549 quando
1132 510 1254 541 scilicet
1284 512 1432 553 princeps
1465 513 1614 545 obmittat
1645 515 1752 556 alique

94 551 201 582 facere
226 561 287 592 que
311 557 438 583 tenetur
462 553 570 585 facere
595 559 629 586 ut
652 555 753 587 Extra
778 557 817 588 de
841 559 941 593 fon-0)
967 563 1192 602 competenti)
1217 573 1242 593 c.
1269 563 1395 603 ·1i0et'1.
1425 565 1476 595 vol
1506 567 1633 596 racione
1665 578 1751 598 (om—

93 604 251 635 missionis
276 615 336 646 que
362 616 445 646 pape
474 606 684 638 denunciatur
707 609 756 640 vel
782 621 838 650 pro
865 622 927 652 qua
952 611 992 642 ad
1016 613 1119 653 ipsum
1144 615 1327 654 appellatur
1350 620 1383 646 ut
1406 616 1507 647 Extra.
1532 617 1571 648 de
1595 618 1751 659 iudicffiis)

94 666 119 686 c.
145 655 285 687 ‘novit'².
326 656 458 688 Tercius
483 668 575 688 casus
598 659 630 690 in
655 671 717 701 quo
743 661 890 693 dominus
914 674 999 704 papa
1024 673 1155 695 exercet
1178 666 1420 698 iuridiccitmem
1454 670 1677 709 temporalem.
1704 676 1752 702 est

94 707 221 749 quando
246 715 340 739 vacat
369 709 551 750 imperium.
597 710 680 746 Quia
709 714 793 743 enim
828 720 863 744 ut
898 716 1028 755 premisi
1060 717 1236 757 imperator
1271 730 1332 749 non
1368 728 1416 750 est
1447 722 1505 751 nisi
1537 730 1695 763 exequtor
1719 727 1751 753 et

92 760 237 790 minister
259 771 344 802 pape
368 762 399 792 in
424 762 672 803 temporalibus,
703 764 821 796 idcirco
848 770 980 797 vacante
1005 768 1140 809 imperio
1171 780 1228 810 pro
1261 771 1406 802 omnibus
1430 774 1663 814 temporalibus
1688 785 1751 815 que

92 814 240 852 spectant
261 812 303 843 ad
326 814 497 854 imperium
523 819 571 844 est
595 815 635 846 ad
659 826 818 847 summum
842 819 1026 858 pontificem
1044 822 1282 853 recurrendum.
1308 822 1408 854 Extra
1433 824 1473 855 de
1495 826 1592 863 foti-ol
1618 836 1749 868 compc—

92 863 200 902 (tenti)
225 874 250 895 c.
276 864 402 895 ‘licet'¹.
444 865 496 897 Sic
521 876 598 907 ergo
624 867 664 898 de
688 868 757 899 iure
782 869 888 900 divino
915 875 946 901 et
970 872 1106 902 naturali
1131 873 1352 905 sacerdocium
1370 877 1590 916 supereminet
1613 878 1749 918 imperio

93 920 144 946 ety
167 925 267 956 penes
296 927 455 948 summum
479 919 683 950 sacerdotem
707 920 827 952 residet
858 921 898 952 sle
926 923 994 954 iure
1020 923 1125 954 divino
1156 930 1187 955 et
1210 927 1347 957 naturali
1371 932 1507 968 utraque
1533 929 1692 960 iuridictio
1718 934 1749 961 et

91 977 187 1008 super
209 968 389 1008 spiritualia
413 975 445 1000 et
469 980 565 1011 super
581 972 773 1012 temporalia
798 977 831 1004 et
855 981 941 1005 certe
960 975 1057 1006 etiam
1083 982 1147 1006 tam
1166 978 1391 1018 temporalium
1414 990 1510 1020 quam
1535 982 1747 1021 spiritualium

91 1018 132 1049 ad
154 1019 260 1059 ipsum
283 1021 424 1060 pertinet
454 1023 629 1063 exequeio,
661 1025 807 1064 quamvis
838 1027 1071 1067 exequcionem
1100 1030 1327 1069 temporalium
1358 1038 1511 1072 quantum
1541 1043 1571 1063 et
1596 1035 1748 1074 quamdiu

90 1070 149 1101 sibi
172 1070 334 1102 videbitur
357 1074 554 1104 commiserit
576 1075 762 1115 imperatori
788 1084 952 1118 tamquam
976 1090 1032 1109 suo
1058 1082 1225 1120 exequtori
1251 1086 1283 1112 et
1299 1083 1452 1113 ministro.
1492 1084 1585 1115 L'nde
1609 1086 1639 1116 in
1665 1090 1746 1116 tem—

91 1133 168 1163 pore
192 1123 274 1164 legis
296 1128 410 1155 nature
435 1126 528 1156 simul
553 1127 725 1158 currebant
750 1132 782 1159 et
806 1130 1039 1161 concurrebant
1067 1132 1097 1161 in
1124 1132 1238 1163 eadem
1264 1144 1401 1174 persona
1426 1146 1559 1175 regnum
1586 1146 1617 1167 et
1641 1148 1746 1169 sacer-

91 1174 227 1206 docium.
266 1176 349 1206 Nam
375 1187 487 1208 omnes
511 1179 717 1220 primogeniti
734 1191 845 1221 regum
863 1182 1050 1214 sacerdotes
1073 1184 1165 1214 simul
1183 1194 1274 1215 erant
1291 1191 1323 1216 et
1345 1198 1439 1228 reges
1458 1196 1490 1218 et
1510 1189 1745 1221 iuridictionem

88 1226 120 1257 in
142 1228 376 1268 temporalibus
401 1232 434 1259 et
457 1230 675 1270 spiritualibus
700 1233 897 1264 exercebant
920 1245 978 1265 nec
1004 1234 1168 1266 debebant
1191 1237 1246 1267 illo
1271 1242 1417 1279 tempore
1436 1239 1587 1281 distingui
1612 1252 1746 1282 regnum

89 1281 122 1309 et
144 1279 381 1320 sacerdocium,
410 1285 447 1311 ut
469 1282 551 1312 alius
583 1282 719 1314 haberet
749 1286 982 1326 exequcionem
1010 1287 1040 1317 in
1078 1289 1325 1329 temporalibus.
1358 1291 1437 1321 alius
1461 1293 1491 1322 iu
1516 1293 1744 1333 ¹spiritualibus.

89 1331 163 1372 quia
188 1331 329 1363 nondum
354 1337 446 1364 erant
475 1334 661 1366 sacerdotes
686 1337 792 1367 vocati
820 1337 861 1367 ad
893 1339 1067 1379 spiritualis
1099 1341 1162 1371 vite
1194 1343 1405 1374 exercicium,
1435 1343 1475 1374 ad
1505 1344 1610 1384 quodz
1641 1347 1743 1376 vocati

87 1387 160 1413 sunt
182 1388 328 1425 tempore
353 1385 434 1426 legis
457 1387 560 1427 gratie
584 1398 641 1418 seu
659 1388 785 1419 Christi.
826 1388 878 1420 Sic
896 1391 998 1421 eciam
1016 1402 1149 1433 regumn
1175 1398 1206 1423 et
1222 1394 1441 1425 sacerdrmium
1460 1403 1592 1437 propter
1608 1397 1743 1428 eandem

87 1435 248 1466 racionem
274 1446 463 1468 concurrere
489 1438 670 1470 debuerunt
693 1441 723 1470 in
749 1441 863 1472 eadem
889 1453 1024 1483 persona
1051 1448 1197 1485 tempore
1222 1446 1303 1486 legis
1320 1446 1482 1488 )[‹J›sa5ce.
1507 1449 1587 1478 sicut
1612 1456 1643 1479 et
1667 1460 1742 1480 cou-

88 1491 254 1518 currerunt
280 1499 381 1530 usque
412 1489 454 1520 ad
478 1494 605 1532 tempus
630 1491 789 1523 Samuelis
812 1494 986 1535 prophete,
1019 1497 1071 1536 qui
1097 1507 1212 1537 gerens
1238 1499 1377 1529 officium
1403 1499 1579 1530 sacerdotis
1604 1509 1636 1531 et
1659 1503 1745 1543 regis

87 1539 252 1570 iudicabat
274 1541 429 1582 populum
453 1545 518 1573 tam
548 1544 579 1573 in
608 1545 842 1585 temporalibus
868 1556 963 1586 quam
991 1548 1022 1577 in
1047 1548 1274 1588 spiritualibus,
1322 1550 1482 1591 Tempore
1507 1563 1582 1583 vero
1607 1554 1743 1593 predicti

88 1590 246 1623 Samuelis
270 1593 406 1624 divisum
432 1598 480 1625 est
504 1606 637 1636 regnum
662 1607 681 1627 a
705 1597 901 1630 sacerdocio.
927 1600 1001 1639 quia
1026 1604 1099 1630 tunc
1125 1601 1262 1641 populus
1279 1601 1408 1633 Domini
1433 1604 1526 1644 petiit
1550 1604 1608 1635 sibi
1633 1616 1743 1646 regem

87 1643 170 1684 dari,
202 1655 298 1686 quem
327 1654 482 1686 quantum
513 1651 582 1678 erat
614 1658 653 1679 ex
678 1653 770 1690 parte
794 1650 914 1691 populi.
944 1651 1101 1682 Dominus
1130 1655 1288 1684 concessit
1318 1664 1391 1685 eum
1423 1656 1453 1685 in
1482 1655 1582 1686 honus
1611 1664 1745 1698 propter

86 1700 219 1737 peccata
243 1697 364 1738 populi.
410 1697 504 1730 Unde
530 1699 611 1730 dixit
634 1700 792 1732 Dominus
817 1701 976 1734 Samueli:
1008 1713 1080 1734 'non
1105 1704 1293 1736 abiecerunt
1322 1710 1352 1736 te
1378 1714 1426 1737 set
1451 1718 1516 1740 me.
1546 1718 1585 1738 ne
1610 1719 1742 1750 regnem

85 1758 182 1789 super
205 1747 304 1787 eos⁷³‚
328 1751 409 1780 sicut
431 1751 492 1782 ista
515 1751 666 1792 leguntur
688 1754 719 1783 in
736 1753 990 1785 Deuteronomio
1008 1755 1099 1786 VIII.
1125 1768 1149 1786 c.
1175 1767 1232 1797 per
1257 1762 1367 1788 totum.
1408 1758 1457 1789 Ex
1482 1771 1543 1800 quo
1569 1760 1653 1791 facto
1679 1761 1743 1791 duo

86 1800 291 1842 colliguntur,
319 1813 416 1833 unum
442 1807 490 1833 est
515 1804 600 1844 quod
625 1805 775 1836 sacerdos
799 1807 934 1837 instituit
958 1818 1069 1848 regem
1101 1816 1133 1839 et
1164 1820 1298 1850 regnum
1328 1819 1431 1841 ortum
1457 1811 1570 1842 habuit
1594 1824 1609 1843 a
1635 1824 1741 1843 sacer-

84 1851 187 1892 docio,
211 1863 285 1884 nam
305 1853 435 1885 Samuel
460 1856 611 1887 sacerdos
634 1858 772 1898 primum
791 1868 901 1899 regem
919 1860 1055 1890 instituit
1071 1871 1167 1901 super
1185 1862 1337 1902 populum
1355 1862 1517 1894 Domini?
1560 1864 1741 1895 Secundum

84 1907 132 1935 est
155 1905 241 1946 quod
265 1905 426 1947 colligitur
450 1917 491 1938 ex
514 1909 574 1939 isto
600 1909 702 1945 facto,
728 1911 800 1950 quia
827 1910 1017 1952 disponente
1043 1919 1154 1943 eterna
1184 1914 1398 1953 providentia.
1431 1926 1492 1956 que
1524 1916 1607 1947 mala
1632 1922 1740 1948 nostra

84 1959 116 1987 et
145 1966 183 1987 ea
212 1967 275 1998 que
299 1958 448 1989 concedit
476 1970 533 2000 pro
558 1962 700 2001 peccatis
724 1963 839 1992 nostris
863 1963 893 1993 in
919 1963 1037 1994 bonum
1063 1965 1233 1997 convertit.
1264 1965 1324 1996 hoc
1355 1967 1475 1997 factum
1501 1972 1549 1998 est
1572 1969 1603 1998 in
1628 1979 1738 2009 presa-

82 2008 169 2049 gium
193 2009 262 2040 eius
285 2009 371 2051 quod
395 2011 536 2042 futurum
561 2019 630 2043 erat
653 2012 725 2044 Deo
751 2014 918 2045 ordinante
943 2016 973 2045 in
997 2027 1079 2046 nova
1102 2017 1175 2057 lege
1194 2017 1321 2048 Christi.
1346 2019 1376 2048 in
1401 2029 1461 2059 qua
1481 2021 1638 2060 exequcio
1662 2021 1738 2050 iuri-

83 2060 234 2092 diccionis
257 2062 485 2103 temporalium
516 2064 668 2106 distingui
697 2066 838 2097 debebat
866 2067 906 2098 ab
937 2069 1136 2108 cxequcione
1162 2069 1392 2109 spiritualium,
1425 2077 1456 2101 et
1487 2075 1521 2101 ut
1554 2072 1739 2103 sacerdotes

82 2112 226 2153 expediti
249 2124 268 2144 a
290 2114 416 2145 iudiciis
440 2116 667 2157 temporalium
691 2125 914 2149 assuescerent
939 2120 1091 2150 iminente
1122 2124 1269 2161 tempore
1299 2121 1455 2152 adventus
1480 2123 1596 2153 Christi
1621 2134 1737 2155 vacare

81 2164 307 2205 spiritualibus.
354 2166 499 2198 Christus
530 2169 614 2199 enim
638 2170 726 2200 venit
754 2180 811 2201 rex
840 2175 872 2201 et
896 2171 1046 2202 sacerdos
1078 2173 1170 2203 simul
1200 2173 1374 2203 secundum
1406 2174 1568 2205 ordincm²·
1594 2176 1736 2207 Mclche-

81 2216 209 2256 sedech,
235 2218 288 2258 qui
312 2219 406 2249 simul
430 2219 490 2250 fuit
513 2230 571 2251 rex
596 2225 628 2252 et
645 2221 795 2252 sacerdos
812 2222 873 2253 Dei
899 2223 1045 2254 altissimi
1070 2228 1101 2254 et
1125 2224 1260 2265 gerebat
1290 2225 1424 2265 figuram
1449 2227 1624 2257 secundum
1650 2228 1736 2268 quod

81 2267 157 2299 dicit
172 2269 337 2310 apostolus
360 2270 459 2311 ipsius
477 2271 603 2306 Christi.
629 2274 683 2314 qui
707 2273 767 2304 fuit
790 2284 848 2305 rex
873 2278 905 2305 et
922 2275 1071 2306 sacerdos
1095 2276 1187 2306 simul
1205 2276 1328 2306 habens
1346 2277 1584 2309 iuridiccionem
1609 2283 1735 2320 tempo-

79 2319 192 2351 ralium
217 2324 250 2352 et
273 2322 538 2364 spirimalium**.
574 2324 616 2365 Et
639 2326 699 2356 iste
724 2325 965 2357 Melchisedech
990 2328 1043 2368 qui
1067 2329 1159 2358 simul
1184 2329 1244 2358 fuir
1267 2339 1324 2359 rex
1357 2335 1390 2359 et
1421 2329 1570 2361 sacerdos
1599 2331 1737 2371 gerebat

239 2406 264 2440 ’)
283 2407 374 2433 eadem
397 2408 453 2433 alia
477 2417 559 2434 mauu
585 2418 639 2442 qua
663 2420 749 2444 supra
772 2420 834 2445 pay.
850 2416 914 2438 1345·
941 2416 993 2438 not.
1007 2412 1021 2427 '³²
1052 2413 1078 2437 [11
1100 2413 1221 2445 'numine
1240 2413 1399 2439 adflantur:
1428 2415 1465 2440 Ex
1486 2424 1540 2448 quo
1561 2419 1640 2449 patet
1661 2418 1734 2450 quod

284 2453 378 2478 errant
391 2451 505 2484 quidam
524 2452 622 2480 iuriste
642 2454 690 2487 qui
703 2454 800 2481 dicunt
815 2456 887 2488 quod
901 2458 1022 2489 potestas
1041 2455 1185 2490 inperiali>
1205 2459 1233 2482 vt
1252 2457 1355 2489 reg-,ralis
1374 2460 1416 2484 est
1430 2458 1581 2485 immediato
1601 2460 1733 2486 instituta

285 2501 302 2520 a
319 2493 377 2520 Deo
397 2494 470 2521 sieut
489 2498 517 2522 et
536 2498 661 2530 potestas
681 2498 801 2531 papalis.
839 2499 868 2524 In
892 2499 1019 2532 predicto
1044 2499 1115 2525 enim
1142 2499 1266 2533 capitulo
1291 2501 1372 2533 primi
1394 2501 1499 2535 Regum
1522 2502 1595 2528 Vlll.
1616 2512 1638 2528 c.
1659 2504 1732 2529 clare

285 2537 395 2567 dieitur,
415 2539 489 2571 quod
508 2539 619 2566 Samuel
638 2541 765 2567 sacerdos
786 2542 910 2568 instituit
931 2542 1051 2575 primum
1071 2552 1171 2576 regem.
1192 2546 1218 2569 ct
1239 2543 1266 2568 in
1288 2543 1332 2568 IX.
1351 2546 1377 2570 et
1400 2544 1430 2570 X.
1453 2545 1576 2578 capitulo
1596 2546 1730 2580 scriptum

283 2580 414 2611 habetur,
441 2582 515 2614 quod
534 2582 645 2610 Samuel
665 2585 792 2611 sacerdos
812 2585 891 2611 illum
911 2594 1003 2618 regem
1023 2586 1154 2619 primum,
1181 2586 1289 2612 scilicet
1310 2588 1428 2614 Saulem.
1454 2588 1501 2621 qui
1521 2589 1595 2620 gerit
1614 2589 1730 2622 figuram

282 2623 456 2657 inperatoris,
476 2625 558 2652 unxit
578 2626 605 2652 in
619 2635 720 2661 regem.
750 2629 795 2654 ¹§ic
816 2630 843 2654 et
857 2637 933 2662 papa¹
947 2628 1071 2654 instituit
1087 2629 1273 2662 inperatorem
1289 2633 1316 2655 et
1332 2630 1420 2663 ipsum
1436 2630 1547 2663 inungit
1567 2634 1595 2657 ct
1609 2636 1730 2659 coronat.

222 2666 263 2695 ἐζ)
283 2666 372 2693 eadem
390 2668 453 2700 ,alia
476 2677 557 2694 ηιαηιι
587 2678 641 2702 qua
663 2678 747 2703 supra
768 2680 832 2705 pay.
848 2677 913 2698 1343
934 2676 986 2697 nol.
999 2676 1012 2687 ἢ(
1033 2673 1059 2696 in
1081 2673 1200 2704 wanninc
1220 2673 1374 2698 adduntur:
1403 2674 1436 2699 de
1462 2674 1516 2700 isto
1540 2675 1727 2702 Melchisedec

281 2709 402 2737 habetur
420 2712 535 2738 Genesis
556 2713 635 2739 XIIII
656 2723 677 2740 c.
698 2717 725 2741 et
744 2714 772 2740 in
793 2714 912 2748 epistola
932 2715 966 2740 ad
989 2715 1109 2741 Heln-eos
1130 2715 1188 2741 VH.
1211 2726 1233 2741 c.

180 2777 262 2804 1251.
280 2779 305 2811 y)
324 2781 437 2812 aequitur
456 2783 528 2808 delet.
548 2790 565 2815 p
585 2793 604 2808 c.
695 2784 716 2810 zi
735 2793 801 2809 corr.
821 2794 850 2809 esc
869 2784 920 2817 qdo
940 2794 959 2809 c.
1048 2790 1060 2802 ³
1091 2786 1202 2817 seqnitur
1221 2786 1293 2810 delae.
1314 2787 1373 2811 Meli
1394 2796 1413 2811 c.

179 2847 204 2878 1)
223 2855 244 2873 c.
259 2851 289 2874 10
308 2849 337 2873 X
352 2848 383 2874 'Ie
400 2849 461 2880 foro
480 2858 560 2883 comp.
581 2851 632 2882 (II,
642 2852 676 2882 2).
766 2853 791 2885 2)
812 2862 831 2878 c.
848 2856 876 2878 13
897 2852 926 2878 X
945 2853 975 2878 ‘le
995 2853 1074 2878 imlic.
1096 2853 1148 2884 (IL
1164 2856 1191 2886 1).
1281 2854 1306 2880 3s
1328 2860 1346 2880 1.
1362 2854 1426 2886 ΒΜ.
1446 2858 1469 2885 2³¹,
1483 2859 1500 2880 1‘.

1455 2907 1520 2933 169*
