2102 3177
54 762 76 780 10

55 1019 77 1038 15

47 1539 70 1558 25

47 1798 71 1817 30

48 2055 72 2074 ³5

604 193 696 218 ACTA
721 193 958 219 P‹1›NT1FICUM.
998 194 1070 220 1314.
1109 194 1244 220 Mallos.
1672 198 1748 226 1212:

97 291 135 312 eo
162 281 220 311 fuit
245 291 353 321 regem
379 280 516 310 eundem
543 280 698 320 privando
728 291 826 321 regno
857 284 889 311 et
913 282 998 321 regia
1027 281 1182 321 dignitate
1207 291 1244 311 ac
1271 281 1361 311 terris
1387 281 1483 311 etiam
1510 281 1579 311 aliis
1605 290 1635 311 et
1660 283 1754 312 iuris-

97 332 274 363 dicionibus
305 332 471 372 perpetuis
503 335 535 361 et
566 332 811 372 temporalibus.
845 343 906 373 que
941 333 999 363 sub
1032 343 1070 363 eo
1095 333 1275 363 nullatenus
1300 332 1350 362 vel
1375 332 1434 362 abn
1459 343 1512 369 eo,
1545 338 1593 363 set
1617 344 1633 363 a
1659 333 1750 363 nobis

96 383 228 414 tenebat
262 384 369 424 potius
406 386 438 413 et
472 383 530 413 sub
566 383 670 413 nobis.
708 394 831 414 necnon
863 384 1035 415 inhibendo
1069 385 1099 414 in
1134 384 1247 415 eadem
1283 384 1442 414 sententia
1475 384 1532 415 sub
1562 395 1748 425 magnarum

96 435 295 477 appositione
320 445 485 476 penarum.
511 445 644 475 quarum
671 435 767 465 etiam
790 436 913 476 aliquas
938 436 1019 466 sibi‘¹
1044 436 1199 476 applicari
1215 435 1390 475 mandavin
1414 447 1453 466 ne
1479 437 1547 476 quis
1572 436 1656 467 dieto
1682 438 1748 477 regi

95 491 295 528 presumeret
319 487 514 528 respondere
547 488 575 516 in
605 488 688 517 suisp
717 487 834 517 debitis
864 488 1001 528 ipsiusve
1032 487 1249 518 familiaritate
1275 488 1325 518 vel
1349 489 1477 518 servitio
1503 499 1669 519 remanere
1695 496 1749 518 aut

94 539 199 570 eidem
225 542 334 570 contra
358 540 461 580 ipsum
486 540 714 579 imperatorem
741 540 852 579 quovis
876 539 972 570 modo
997 539 1185 580 impendere
1204 540 1379 573 consilium.
1404 540 1557 570 auxilium
1584 541 1632 570 vel
1659 540 1747 570 favo-

94 601 175 624 rem,
204 601 274 621 cum
300 590 477 629 debitores,
512 591 683 620 servitores
713 596 744 621 et
773 591 982 621 auxiliatores
1007 591 1188 622 huiusmodi
1214 596 1305 622 extra
1330 592 1499 632 imperium
1525 596 1556 622 et
1580 592 1610 621 in
1635 592 1747 633 Regno

93 643 254 673 constituti
279 642 424 683 predicto
449 653 485 673 ac
511 642 549 673 de
575 643 643 683 ipso
669 646 701 672 et
725 643 795 672 aliis
819 642 952 673 diversis
977 654 1037 673 non
1064 643 1181 673 subditi
1206 644 1341 684 imperio
1368 644 1544 674 existentes
1568 644 1748 674 nullatenus

92 695 278 736 imperatori
303 695 471 726 subessent
495 705 552 724 nee
579 704 618 724 ex
644 694 881 725 committendis
906 695 936 724 in
954 694 1068 735 Regno
1087 695 1202 726 eodem
1221 695 1312 725 dictis
1330 694 1482 737 posse[n]t
1498 697 1588 736 penis
1605 697 1747 737 astringi,

95 746 291 777 absolvendo
318 757 444 787 quoque
469 746 510 776 ab
536 746 622 776 omni
646 745 819 776 fidelitate.
845 746 1058 787 obligatmne.
1084 748 1232 783 servicio„
1258 748 1466 787 prmnissione
1492 758 1527 778 ae
1553 751 1646 788 pacto
1676 758 1749 788 pro--

93 799 211 829 vincias
236 809 360 837 omues,
394 799 539 828 civitates
569 801 600 828 et
630 800 733 827 castra
765 798 927 838 ipsiussme,
957 798 1095 828 vasallos
1127 802 1158 828 et
1191 798 1388 829 feudatarios
1419 810 1455 830 ac
1483 799 1562 829 alios
1587 799 1747 840 quoslibet

93 849 199 880 eidem
224 851 292 891 regi
324 848 568 890 quomodolibet
599 848 773 889 obligatos.
811 860 880 879 011111
913 849 1152 880 includerentur
1176 850 1205 880 in
1231 850 1433 880 absolutione
1458 850 1637 881 huiusmodi
1664 854 1746 881 terre

93 905 125 932 et
148 912 285 942 persone
309 900 400 931 nobis
426 904 458 931 et
483 901 620 931 ecclesie
643 900 791 931 Romane
822 901 983 933 subiecto,
1017 902 1144 942 proprie
1171 902 1322 931 terminos
1347 902 1515 942 potestatis
1540 903 1692 938 excessit,
1717 904 1746 932 in

93 963 230 984 messem
255 957 395 984 nostram
421 962 452 984 et
476 953 609 984 aliorum
635 954 732 983 etiam
758 964 869 994 regum
895 959 925 983 et
950 954 1138 994 principum.
1164 964 1298 994 (1110111111
1316 953 1475 984 subiectos
1500 965 1555 984 sua
1573 954 1746 985 secundum

97 1005 252 1046 premissa
277 1005 440 1036 nitebatur
463 1008 568 1035 artare
593 1015 737 1041 eensurzu
763 1005 925 1035 inmittens
949 1015 1119 1046 perperam
1145 1005 1259 1035 falcem
1284 1016 1382 1035 suain.

200 1057 245 1098 (4)
281 1057 432 1087 Ceterum
457 1056 603 1088 defectus
632 1057 791 1097 suppletio
822 1057 905 1087 cirea
936 1068 1104 1097 processus
1135 1056 1279 1087 adhibita
1309 1057 1508 1098 supradictos
1538 1068 1599 1088 non
1625 1062 1746 1088 tantum

91 1109 178 1140 valet
197 1109 238 1139 ad
258 1109 514 1140 iustificationem
539 1109 680 1149 ipsorum
706 1112 737 1139 et
761 1110 918 1139 sententie
944 1108 1138 1149 supradicte,
1164 1112 1316 1149 quantum
1335 1108 1376 1139 ad
1394 1119 1502 1139 eorum
1521 1109 1745 1149 sigillationem

91 1165 124 1192 et
142 1164 261 1199 notam}
287 1171 358 1192 cum
381 1160 500 1191 nullam
526 1171 622 1201 super
645 1161 807 1201 premissis
828 1164 1023 1201 potestatem
1045 1160 1181 1191 haberet
1204 1161 1379 1201 imperator
1402 1161 1432 1190 in
1457 1171 1566 1201 regem
1592 1161 1650 1192 sibi
1669 1161 1746 1191 alias

91 1224 187 1255 quam
210 1216 246 1244 ut
268 1213 429 1254 prefertur
452 1224 513 1243 non
531 1213 705 1249 subditum.v
730 1220 814 1243 non'1
831 1214 963 1244 citatum
982 1213 1138 1254 legittime
1156 1218 1210 1243 aut
1228 1213 1394 1243 remissum
1413 1217 1443 1243 et
1461 1222 1552 1243 extra
1570 1212 1745 1244 districtum

88 1266 188 1307 ipsius
212 1266 361 1296 continue
386 1275 423 1295 ac
453 1265 576 1295 notorie
606 1265 842 1296 consistentem.
895 1265 962 1295 Nee
987 1265 1132 1305 predicta
1161 1265 1320 1306 suppletio
1351 1265 1433 1294 cirea
1463 1264 1623 1295 subditum
1649 1265 1744 1295 etiam

89 1317 131 1348 ad
161 1328 200 1348 ea
230 1318 386 1358 potuisset
419 1317 458 1347 de
492 1318 614 1348 ratione
647 1317 774 1353 referri,
810 1328 868 1358 per
901 1328 963 1358 (100
1000 1317 1039 1348 «le
1074 1318 1203 1348 crimine
1239 1317 1407 1358 presertim
1442 1318 1484 1347 sic
1519 1317 1606 1356 gravi
1638 1316 1744 1346 delato

90 1368 299 1405 defensionis,
333 1379 395 1410 que
427 1379 445 1399 a
477 1369 544 1399 iure
580 1369 727 1410 provenit
757 1369 911 1401 naturali.
950 1369 1085 1400 facultas
1116 1369 1213 1399 adimi
1244 1369 1409 1400 valuisset.
1444 1379 1515 1399 cum
1549 1369 1600 1398 illa
1633 1368 1744 1399 tollere

89 1421 276 1462 imperatori
299 1431 361 1451 non
385 1420 520 1452 licuerit.
545 1432 606 1462 que
632 1422 707 1452 iuris
732 1421 884 1452 naturalis
909 1422 1058 1452 existunt.

197 1474 242 1512 (5)
277 1473 321 1503 Ut
344 1473 440 1513 igitur
457 1471 559 1515 [sicut]
577 1479 756 1503 memorata
774 1474 931 1504 sententia
949 1474 1024 1504 iuris
1042 1477 1130 1504 caret
1147 1473 1273 1504 effectu.
1299 1474 1341 1503 sic
1359 1473 1551 1503 auctoritate
1569 1475 1601 1502 et
1618 1473 1744 1502 nomine

90 1525 136 1555 rei
161 1528 269 1555 careat
293 1524 444 1565 iudicate,
469 1531 502 1555 ut
526 1536 587 1555 non
613 1526 643 1555 in
668 1525 817 1566 opinione
843 1526 1001 1555 communi
1027 1528 1082 1555 aut
1106 1525 1190 1565 vulgi
1210 1525 1302 1555 labiis
1317 1535 1432 1555 nomen
1450 1524 1570 1554 habere
1588 1524 1745 1554 sententie

88 1580 260 1608 mereatur.
285 1582 320 1607 ut
342 1577 440 1607 etiam
464 1577 495 1607 in
521 1587 671 1618 magnum
696 1577 816 1607 iustitie
837 1587 874 1607 ac
897 1578 984 1618 pacis
1013 1577 1202 1618 obsequium
1228 1576 1423 1607 scandalosis
1451 1579 1634 1606 occurratur
1662 1576 1745 1616 peri-

88 1628 177 1668 culis,
202 1639 264 1669 que
289 1639 359 1658 cum
384 1632 502 1661 nostra.
528 1629 674 1660 ecclesie.
700 1629 932 1670 provinciarum
958 1629 1141 1660 multarum.
1167 1638 1338 1669 regnorum
1356 1631 1388 1658 et
1405 1628 1547 1668 gentium
1566 1627 1745 1657 turbatione

88 1691 151 1711 non
174 1680 301 1710 modica
331 1684 462 1720 possent
492 1681 659 1711 occasione
692 1682 789 1722 ipsius
824 1692 880 1721 pro
916 1685 1062 1722 1011111010
1087 1681 1238 1717 suboriri,
1268 1691 1326 1711 nos
1349 1684 1414 1710 tam
1445 1691 1485 1710 ex
1510 1679 1744 1720 superioritate.

89 1742 184 1773 quam
209 1732 249 1762 ad
274 1732 442 1772 imperium
467 1743 529 1763 non
554 1736 602 1763 est
627 1733 757 1763 dubium
787 1744 844 1763 nos
873 1733 1009 1764 habere.
1044 1743 1139 1774 quam
1172 1743 1211 1763 ex
1243 1735 1419 1773 potestate7
1455 1733 1485 1762 in
1510 1742 1572 1772 qua
1596 1734 1745 1761 vacanter

89 1784 224 1825 imperio
248 1784 436 1824 imperatori
460 1784 675 1820 succedimus,
712 1788 743 1815 et
772 1784 996 1815 nichilominus
1028 1795 1068 1815 ex
1099 1785 1182 1815 illius
1206 1784 1404 1825 plenitudine
1435 1783 1618 1824 potestatis,
1650 1793 1743 1823 quani

89 1835 232 1867 Christus
263 1834 342 1878 [rex]
372 1846 485 1876 regum
525 1840 556 1867 et
589 1836 734 1867 (lominus
765 1836 997 1867 dominantium
1029 1836 1121 1867 nobis
1149 1836 1223 1866 licet
1253 1836 1420 1865 immeritis
1444 1836 1475 1865 in
1499 1844 1635 1875 persona
1659 1834 1742 1864 beati

87 1887 178 1918 Petri
195 1889 361 1925 concessit,
386 1889 578 1919 sententiam
605 1893 637 1919 et
662 1899 829 1929 processus
846 1899 958 1919 omnes
975 1889 1136 1929 predictos
1162 1892 1194 1919 et
1218 1887 1372 1928 quidquid
1397 1897 1438 1917 ex
1463 1887 1508 1916 eis
1529 1889 1672 1916 secutum
1698 1890 1745 1916 est

89 1939 140 1971 vel
164 1940 332 1971 occasione
356 1941 497 1981 ipsorum
527 1940 567 1971 de
597 1940 731 1971 fratrum
764 1944 943 1971 nostrorum
978 1940 1109 1971 consilio
1140 1940 1340 1970 declaramus
1368 1938 1464 1968 fuisse
1490 1938 1616 1968 omnino
1641 1938 1744 1967 irritos

91 1995 122 2022 et
144 1992 256 2022 inanes
280 1992 466 2033 nullumque
492 1992 613 2023 debere
644 1996 699 2023 aut
736 1992 886 2023 debuisse
916 1993 1018 2023 sortiri
1051 1992 1200 2022 effectum
1229 1994 1284 2021 aut
1311 1993 1536 2021 nocumentum
1561 1989 1610 2019 vel
1635 1994 1742 2019 notam

91 2042 206 2074 afferre
235 2045 383 2085 cuiquam
412 2048 467 2075 aut
491 2045 640 2076 debuisse
666 2045 817 2086 ipsosque
842 2044 1079 2083 nichilominus,
1113 2048 1265 2085 quantum
1290 2044 1513 2083 processerunt
1537 2040 1576 2071 de
1602 2041 1685 2071 facto
1711 2044 1743 2071 et

92 2095 243 2137 quicquid
267 2096 307 2127 ob
332 2107 387 2127 eos
411 2101 554 2128 secutum
581 2101 638 2133 est,
663 2097 694 2127 in
719 2097 841 2127 irritum
867 2106 1064 2127 revoc-amus.

193 2190 276 2216 1166.
304 2191 329 2223 ¹¹)
349 2192 461 2223 sequitur
485 2193 534 2217 alio
561 2192 632 2216 delet.
656 2192 676 2217 1.
774 2194 798 2222 0)
819 2192 938 2216 volumus
962 2192 1074 2223 seqnitur
1099 2191 1170 2215 delet.
1199 2190 1218 2214 l.
1317 2190 1340 2219 Γ)
1368 2189 1517 2221 respondere
1542 2189 1567 2212 in
1594 2187 1647 2211 suis
1669 2187 1741 2218 sigsno

89 2235 274 2265 transponendi
288 2235 371 2266 posito
394 2236 414 2260 l.
504 2238 527 2265 ¹1)
546 2240 571 2260 ta
590 2236 701 2267 seqnilnr
719 2235 826 2260 deletum
849 2235 869 2259 1.
959 2236 978 2265 1”)
998 2239 1106 2259 vacante
1126 2235 1150 2257 in
1171 2242 1220 2265 qua
1244 2233 1264 2256 l.
